2820 4890
529 319 716 392 -131-

76 455 138 513 sut
146 440 242 512 haud
251 462 377 532 paucae
385 442 584 534 dogmaticae
593 441 995 509 romanorumPontifienm
1002 443 1164 510 Constitu-

77 554 181 631 tiones,
197 549 328 640 quihus
340 548 450 636 plures
462 550 639 617 catholicae
650 549 802 614 veritates
820 549 973 613 haetenus
987 549 1164 629 discussae,

73 653 183 741 sigillo,
214 661 254 719 ut
272 653 320 717 ita
343 651 461 733 dicam,
479 654 665 738 obsignatae
685 659 762 716 suut
777 660 874 736 atque
895 660 988 715 extra
1004 652 1169 739 quaestio·

73 779 136 823 nem
151 755 350 822 collocatae:
370 755 421 820 uti
436 764 486 820 est
500 756 584 823 visio
598 754 661 820 Dei
677 754 824 819 heatilica
845 754 990 840 proxime
1010 754 1050 819 ab
1072 754 1167 821 ohitu

74 859 248 929 obtinenda
265 881 327 947 per
338 860 609 925 Constitutionem
621 858 788 923 Benedicti
802 860 863 922 ΧΠ
878 867 951 944 post
966 857 1092 944 longam
1103 858 1169 925 dis·

82 967 259 1031 caesionem
275 963 339 1028 suh
355 965 472 1029 Ioanne
490 965 587 1028 XXII
603 962 746 1027 habitam
761 963 895 1027 sancita.
912 962 971 1027 llis
988 962 1069 1027 adde
1085 964 1170 1030 reri·

88 1077 161 1149 tates,
175 1090 273 1157 quae
291 1076 368 1132 sunt
382 1067 651 1133 contradictoriae
666 1067 776 1154 quinis
790 1067 930 1133 lansenii
942 1069 1169 1155 propositioni·

83 1170 193 1253 hanah
211 1169 406 1238 Innocentio
418 1172 450 1236 X
465 1169 644 1257 dogmatice
659 1170 864 1250 constitutas,
881 1178 978 1258 atque
994 1175 1042 1241 ita
1056 1194 1165 1259 porro.

157 1276 260 1354 Quae
279 1281 319 1339 ut
335 1273 444 1361 paullo
467 1274 654 1340 accuratius
680 1273 910 1354 enucleentur,
935 1284 1078 1360 praestat
1100 1277 1169 1343 aui-

81 1380 284 1449 nudvertere
299 1402 363 1445 non
380 1402 455 1460 una,
473 1379 529 1446 sed
543 1377 717 1467 multiplici
733 1380 857 1444 ratione
880 1402 975 1467 posse
990 1382 1170 1470 quidquam

85 1489 245 1558 indiviua
270 1487 478 1566 revelatione,
502 1508 560 1552 seu
578 1487 612 1550 in
635 1495 776 1574 utroque
792 1486 855 1551 Dei
877 1487 977 1552 verbo
1000 1489 1121 1576 scripto
1135 1496 1170 1555 et

91 1593 192 1660 tradito
211 1591 390 1670 contineri,
404 1599 501 1677 prout
516 1611 576 1656 suo
589 1589 658 1656 loeo
674 1589 861 1677 expendunt
874 1591 1039 1679 Theologi,
1056 1614 1075 1658 e
1090 1615 1171 1681 quo-

88 1716 149 1769 rum
162 1695 320 1763 lontibus
340 1716 378 1759 ea
394 1694 505 1760 saltem
517 1715 601 1781 quae
613 1695 749 1782 propius
761 1716 830 1760 rem
851 1704 993 1761 nostram
1014 1705 1170 1785 spectant,

81 1798 137 1867 hnc
147 1799 343 1877 derivamus
354 1794 408 1885 (l).
421 1798 585 1865 Nimirum
596 1797 721 1884 aliquid
733 1798 767 1862 in
779 1797 878 1863 verbo
889 1798 952 1864 Dei
963 1799 1019 1888 vel
1026 1804 1173 1889 explicite

81 1902 187 1971 haberi
208 1909 326 1992 potest
347 1902 398 1969 vel
412 1904 568 1990 implicite.
590 1906 698 1990 Atque
715 1904 857 1989 explerier
876 1902 1008 1990 quidem
1030 1926 1105 1970 cum
1124 1905 1173 1972 di-

90 2008 178 2075 serus
195 2006 435 2094 conceptisque
457 2005 565 2074 verbis
586 2027 638 2071 res
656 2007 871 2072 enunciatur:
889 2008 1073 2075 cuiusmodi
1096 2018 1173 2076 suut

95 2110 213 2199 quaein
231 2109 400 2197 Sripturis
411 2108 450 2176 de
460 2107 582 2176 Christi
593 2117 680 2188 ortu,
693 2111 779 2175 vitae
795 2131 923 2195 genere,
935 2120 1049 2192 morte,
1064 2135 1173 2179 resur-

87 2216 222 2283 rectione
248 2221 350 2301 atque
373 2213 516 2279 mirabili
537 2214 572 2278 in
604 2213 730 2279 caelum
757 2215 943 2281 ascensione
970 2215 1172 2284 referuntur.

83 2317 269 2409 Eodemque
293 2316 364 2382 loco
388 2315 553 2383 habendae
580 2337 637 2382 eae
667 2317 821 2384 veritates
843 2340 927 2405 quae
958 2320 1059 2385 totius
1088 2322 1173 2387 chri·

85 2423 200 2491 stianae
217 2419 391 2507 religionis
407 2428 484 2486 sunt
501 2418 720 2500 fundamenta,
739 2421 791 2485 uti
804 2423 945 2489 Trinitas
959 2425 1176 2493 Personarum

87 2525 208 2609 inliso,
225 2533 263 2593 et
276 2524 381 2591 Verhi
395 2546 455 2590 sou
473 2523 595 2591 Christi
610 2525 716 2611 ipsius
733 2522 885 2591 divinitas
902 2527 943 2592 ah
966 2550 1071 2618 eoque
1088 2529 1176 2602 facta

91 2622 251 2697 lominum
272 2629 472 2748 redemptio.
489 2651 574 2715 quae
597 2629 728 2715 quidem
752 2630 831 2697 adeo
847 2631 1048 2700 manifeste
1039 2659 1075 2702 ιιι
1091 2638 1180 2706 Seri·

90 2736 187 2853 pluris
211 2733 301 2824 ipsis
327 2755 365 2798 ac
388 2732 562 2799 traditione
589 2734 802 2814 exhihentur,
829 2746 866 2802 ut
893 2738 977 2806 citra
1000 2743 1178 2832 impietatis

91 2838 295 2925 ignominiam
316 2835 506 2904 indubium
527 2859 676 2906 revocarr
665 2839 779 2906 nullo
795 2841 892 2908 modo
907 2855 1041 2931 queant
1065 2850 1177 2927 Quare

96 2938 219 3011 leistis
236 2943 391 3009 omnihus
412 2942 607 3011 veritatibus
623 2944 786 3010 sufficiens
809 2948 976 3016 Ecclesiae
998 2954 1179 3040 propositio

92 3066 123 3114 eo
141 3049 218 3137 ipso
242 3046 359 3114 haberi
387 3056 559 3128 censetur,
583 3046 671 3136 quod
693 3049 839 3116 Ecclesia
863 3061 895 3117 et
920 3055 1105 3143 Scripturas
1128 3058 1178 3123 uti

90 3150 223 3233 divinas,
233 3151 363 3239 Deique
375 3153 511 3218 verbum
522 3154 721 3218 continentes
733 3154 885 3222 fidelihus
897 3159 1020 3244 tradat3
1036 3169 1078 3240 et,
1091 3162 1180 3248 quod

89 3264 184 3344 caput
206 3264 271 3335 est,
295 3278 350 3322 eas
372 3256 525 3322 veritates
549 3257 619 3342 iugi
644 3257 788 3324 doctrina
814 3270 911 3347 atquo
935 3284 1000 3328 usu
1025 3285 1097 3344 suo,
1113 3288 1181 3352 quo

88 3359 197 3428 fideles
209 3360 254 3427 ad
264 3361 366 3428 vitam
376 3359 584 3425 christianam
595 3360 758 3441 informat,
773 3365 974 3450 profiteatur.
987 3369 1070 3434 Hinc
1087 3377 1181 3435 antea

86 3466 183 3533 etiam
206 3485 310 3553 quam
342 3463 491 3529 solemnis
519 3464 585 3530 ulla
612 3464 651 3530 de
675 3467 717 3530 iis
746 3469 939 3535 veritatibus
968 3472 1112 3538 definitio
1140 3475 1182 3539 ab

32 3626 35 3633 .
88 3568 236 3637 Ecclesia
260 3567 348 3633 edita
363 3574 458 3646 esset,
474 3567 533 3655 qui
557 3589 611 3634 eas
634 3578 692 3634 aut
708 3593 841 3657 negare,
867 3581 924 3638 aut
947 3577 1063 3663 quovis
1086 3578 1183 3643 modo

89 3692 300 3759 eorrumpere
317 3671 390 3736 ausi
406 3680 492 3750 sunt,
510 3670 597 3735 illico
613 3678 776 3759 tamquam
798 3674 954 3743 haeretici
978 3678 1080 3744 habiti
1104 3689 1183 3746 sunt

88 3784 116 3844 a
134 3775 346 3845 conclamati.
365 3776 479 3863 Neque
496 3775 531 3840 in
546 3775 705 3842 eiusmodi
734 3779 927 3846 veritatibus
951 3782 1040 3847 aliud
1064 3784 1183 3853 assolet

124 4048 157 4125 tl)
166 4052 209 4108 cl.
222 4052 466 4120 Walamhurgieor:
487 4050 613 4111 Bormam
665 4054 812 4112 siromaste
825 4053 918 4111 Theoi.
933 4044 1183 4126 dormiremu-

90 4137 479 4211 mmmdcc*
498 4144 547 4193 111.
557 4138 609 4211 §.7
662 4142 817 4197 tactionum
832 4141 1183 4197 l'temurozaocuiaetonr.

90 4226 151 4294 Opp.
163 4234 232 4281 tom.
257 4227 279 4279 l·
297 4240 400 4281 mon
410 4226 534 4282 drumm
547 4225 614 4283 Pro·
666 4228 688 4280 1.
700 4231 793 4283 venet.
805 4221 884 4282 1762.

1265 1403 1403 1470 Multiplici

1220 1476 1403 1542 modoathnid

1221 1549 1249 1599 in
1267 1548 1347 1600 rubo
1357 1548 1404 1599 Dei

1221 1620 1369 1672 continetur
