2828 4904
96 572 135 615 nr
152 549 357 637 obsequio,
376 548 456 615 nihil
475 549 620 635 optatius
633 548 813 634 dogmatica
827 547 882 611 illa
899 547 1085 616 definitione
1098 552 1206 632 posset

96 655 314 742 ontingere.
330 651 606 733 Quemadmodum
622 663 730 719 autem
748 653 944 740 populorum
957 656 1079 723 animos
1095 661 1207 728 imma-

96 761 237 829 alatus
256 761 423 848 Deiparae
440 760 623 847 Conceptus
641 760 776 837 alliciat,
801 780 864 824 noo
887 767 937 825 est
960 781 1021 826 eur
1045 765 1206 852 explicem

96 864 286 947 duribu53
315 863 575 952 quandoquidem
598 862 658 930 hoe
683 863 809 928 nomine
830 865 965 950 privatis
988 866 1022 930 iu
1051 870 1206 954 precibus

96 971 352 1039 undenorum
366 969 640 1059 frequentissime,
655 971 688 1035 in
706 970 847 1059 publicis
859 993 936 1037 vero
950 974 1051 1038 saeris
1068 975 1131 1061 ipsi
1148 977 1207 1042 mi·

1260 669 1292 720 lit
1309 671 1402 724 Christi

1259 742 1355 793 delium
1373 757 1406 795 un

1260 827 1334 865 verse

96 1076 390 1163 nlslrisReginam
399 1081 465 1142 sine
476 1077 545 1142 lobs
556 1078 708 1160 originali
717 1089 895 1163 eooeeptom
907 1076 1132 1145 invocantibus
1145 1080 1210 1147 lae·
1327 1074 1333 1085 ’

96 1183 235 1251 timim
273 1181 459 1246 concinunt.
485 1179 677 1265 Pervulgata
706 1177 785 1245 haee
811 1190 888 1244 sunt
914 1187 1013 1267 atque
1033 1181 1205 1264 eiusmodi,

96 1306 189 1377 guae
215 1285 258 1351 iu
284 1285 428 1350 omnium
457 1283 569 1350 oeulos
595 1281 688 1350 iaeile
715 1284 907 1362 incurrant,
928 1305 966 1350 ae
989 1283 1207 1372 dogmaticum

96 1390 136 1461 la
150 1411 235 1480 quo
254 1384 449 1454 disserimus
464 1388 631 1455 decretum
659 1388 803 1453 omnium
819 1386 973 1454 ordinum
989 1391 1208 1476 gratulatione

96 1495 301 1565 &laetitia
328 1504 500 1580 exceptum
530 1493 573 1558 iri
600 1492 650 1561 vel
669 1512 797 1558 moroso
819 1493 941 1581 cuique
963 1515 1026 1560 uon
1049 1495 1208 1565 suadeant

96 1596 214 1679 mdo,
229 1597 293 1665 sed
305 1595 532 1684 persuadeant.

201 1703 335 1770 Tantus
366 1698 510 1790 prolecto
533 1709 583 1766 est
610 1700 644 1766 in
676 1700 862 1767 hominibus
890 1700 1021 1769 innatus
1054 1705 1203 1771 veritatis

96 1828 221 1888 mor,
255 1813 295 1872 ut
322 1803 410 1871 illam
427 1803 571 1871 assecuti
594 1824 709 1889 magna
739 1804 923 1870 alliciantur
949 1804 1127 1892 voluptate,
1152 1806 1202 1872 id-

96 1932 165 2003 }ue
195 1918 282 1976 tune
300 1908 397 1974 etiam
410 1927 485 1973 eum
505 1928 611 1994 oeque
624 1905 790 1974 fructibus
804 1908 947 1975 ullisaut
959 1908 1200 1990 emolumentis,
1294 1922 1319 1934 ·’

96 2013 384 2100 utilitatibusque
419 2013 634 2090 alliciuntur,
667 2034 773 2099 neque
803 2014 874 2100 ipsa
905 2035 1017 2080 rerum
1050 2013 1203 2083 nobilitas

96 2132 207 2212 aque
230 2119 431 2210 praestantia
455 2114 823 2204 adilliuseognitionem
846 2118 1039 2185 eosiuvitat.
1056 2120 1207 2208 Egregie,

96 2234 136 2297 ut
161 2225 280 2303 solet,
307 2223 531 2308 Augustinus:
559 2221 781 2308 Quid-fortius
808 2222 962 2289 desideret
977 2229 1086 2291 animo
1107 2246 1204 2311 quom

96 2335 277 2401 mutem
298 2320 372 2414 (tlt
405 2325 529 2406 Quidnt
559 2347 637 2413 ergo
671 2346 800 2415 eaque
827 2325 867 2392 de
893 2325 1061 2414 loquimur
1093 2325 1205 2394 delini·

97 2434 174 2515 tina
190 2432 263 2523 piis
284 2430 435 2498 omnibus
451 2431 618 2497 catholicis
641 2427 767 2498 assidat
785 2425 1048 2499 iucundissimo?
1067 2433 1110 2498 Et
1126 2452 1203 2499 saue

110 2538 372 2607 &laetandum
387 2538 510 2604 nonsit
530 2557 604 2603 oum
632 2537 819 2626 perspiciat,
837 2536 990 2603 firmitate
1017 2556 1084 2625 qua
1103 2538 1208 2605 maior

96 2640 273 2711 'interris
307 2641 419 2708 haberi
443 2643 579 2730 nequit,
597 2641 685 2706 illam
708 2640 912 2708 constabiliri
939 2642 1151 2723 sententiam,
1165 2641 1207 2709 de

107 2748 270 2839 qnpies
296 2768 407 2813 omnes
423 2746 564 2814 vidimus
596 2745 863 2830 sollicitissim0s3
887 2766 970 2834 quae
997 2746 1112 2834 pietati
1129 2768 1206 2834 erga

105 2850 291 2942 euperem
308 2848 462 2918 fovendae
484 2849 609 2917 confert
634 2860 819 2938 tantopere3
836 2873 921 2938 quae
945 2850 1065 2917 seculis
1087 2850 1206 2938 elapsis

108 2962 161 3025 tot
175 2955 382 3023 nobilissima
400 2957 495 3021 torsit
511 2949 667 3041 ingenia?
686 2955 769 3035 Quis
787 2963 845 3022 aut
864 2963 914 3020 est
928 2963 986 3021 aut
1008 2976 1080 3021 esse
1099 2963 1205 3043 potest

109 3060 235 3129 Matris
260 3060 498 3125 amantissimae
524 3058 657 3125 laudum
684 3067 748 3124 tam
775 3059 963 3145 negligens,
992 3059 1052 3147 qui
1075 3080 1138 3125 uon
1165 3059 1209 3125 sit

111 3165 327 3231 exaltaturus
346 3165 491 3243 laetitia,
507 3171 540 3228 et
557 3184 656 3251 prope
684 3163 804 3250 gaudio
835 3164 1116 3251 triumphaturus,
1133 3182 1209 3230 oum

111 3265 277 3356 intelligat
299 3269 543 3334 immaculatum
565 3267 711 3334 eiusdem
732 3269 930 3356 Conceptom
953 3269 1000 3334 ita
1020 3266 1124 3334 luisse
1140 3279 1209 3335 tau-

113 3372 187 3441 dem
204 3382 377 3453 assertum,
394 3382 426 3439 et
441 3369 652 3470 vindicatum,
667 3381 705 3438 ut
721 3374 918 3441 dubitationi
931 3373 1022 3440 loeus
1039 3392 1211 3460 superesse

114 3478 182 3546 iam
198 3481 303 3566 possit
319 3473 449 3545 nullus?
466 3481 579 3547 Nonne
597 3479 642 3543 ita
659 3485 778 3543 natura
792 3499 906 3544 sumus
923 3479 1067 3545 homines
1085 3498 1212 3566 compa·

115 3583 195 3662 rati,
215 3588 254 3648 ut
268 3604 352 3670 quae
375 3581 493 3650 deeora
508 3591 542 3650 et
557 3589 744 3648 ornamenta
755 3581 789 3646 in
805 3604 880 3647 eum
904 3581 1118 3650 conferuntur
1132 3603 1214 3671 quo·

114 3708 193 3755 oum
210 3707 326 3773 magna
338 3687 431 3752 nobis
448 3687 670 3754 benevolentia
687 3686 871 3766 intercedit,
895 3707 933 3752 ea
956 3706 1150 3774 magnopere
1172 3686 1220 3753 ad·

115 3810 174 3859 nos
190 3791 357 3879 pertinere
373 3791 605 3878 propemodum
629 3789 839 3868 arbitremur,
853 3789 1006 3878 quodque
1023 3788 1127 3855 eidem
1144 3811 1217 3877 gra·

119 3906 191 3964 tum
214 3917 288 3961 esse
315 3897 476 3974 novimus,
493 3895 527 3961 id
548 3904 676 3963 nostros
699 3894 823 3960 animos
846 3916 909 3960 non
935 3891 1216 3961 minorifortasse

118 4003 289 4088 voluptate
311 3994 508 4088 perfundat?
525 4002 593 4066 lam
615 4022 693 4068 vero
708 4000 771 4066 etsi
787 3999 928 4101 plurima
947 4007 1036 4079 sunt,
1052 4018 1137 4086 quae
1159 3997 1217 4073 ho·

126 4266 129 4271 -
158 4231 200 4306 (1)
214 4237 299 4288 treet.
312 4232 337 4286 6.
347 4238 373 4287 to
385 4237 457 4287 Iesu.
469 4251 497 4287 n.
511 4230 537 4288 5.
