2828 4904
96 446 140 509 st
158 440 341 528 quaestioni
369 441 601 525 extinguendas
630 443 733 527 impar
755 460 888 529 prorsus
917 441 980 507 ruit
1004 443 1086 510 basi·
1172 462 1317 515 uonna.

96 569 113 612 e
141 545 309 610 decretum
336 550 446 629 utpote
474 544 596 608 editum
620 567 638 610 a
666 545 791 634 Synodo
817 544 963 635 (ἰκεφαλῳ
990 555 1086 635 atquc
1138 531 1230 652 ἱῗξῑω
1259 536 1315 584 ¹¹¹¹*

96 651 212 715 matica
225 654 296 732 post
309 646 486 710 discessum
498 648 676 733 legatorum
693 648 827 735 legitimi
845 651 1004 736 pontificis
1021 653 1086 717 Eu·
1188 636 1194 651 ¹
1278 642 1284 666 ⁵

106 752 165 829 tv,
180 770 276 836 aquo
289 748 435 836 synodus
448 748 512 814 iuit
523 750 702 837 repudiata.
716 751 841 816 Exinde
854 773 951 819 novae
968 753 1089 820 excita·

96 857 288 942 urbae,quas
301 875 467 919 recensere
481 877 542 919 non
556 864 655 936 vacat,
665 856 763 923 donec
773 858 883 923 Sirius
896 859 941 922 tv
953 858 994 923 ad
1006 866 1088 925 c'om·
1162 880 1314 934 Consumtis

96 960 188 1028 endos
209 959 382 1037 tumultus,
396 959 454 1045 qui
470 960 503 1023 in
521 960 611 1026 italia
623 963 746 1047 pariter
761 962 991 1029 exoriebantur
1006 985 1088 1031 anno
1140 948 1256 1004 ΜΝ·

96 1065 112 1142 i,
136 1069 194 1128 aut
209 1057 296 1129 titt
315 1058 359 1148 ii)
386 1061 652 1128 Constitutionem
675 1063 787 1142 edidit,
811 1086 876 1151 qua
904 1064 1014 1150 plures
1041 1067 1088 1131 in·

96 1165 192 1230 satias
208 1164 241 1227 in
257 1171 450 1248 perpetuum
466 1164 507 1227 iis
534 1166 692 1230 concessit
709 1165 768 1252 qui
784 1165 934 1230 Officium
962 1167 1088 1232 canoni·

102 1267 290 1343 recitarent,
308 1273 366 1329 aut
382 1266 501 1330 Missae
520 1266 559 1331 de
576 1267 782 1332 immaculata
806 1265 1018 1354 Conceptione
1040 1266 1088 1332 in·

96 1379 176 1449 sent,
195 1377 233 1434 ut
249 1391 308 1434 suo
324 1370 393 1433 loco
410 1369 597 1435 referemus.

96 1475 180 1540 Cum
203 1495 278 1538 vero
293 1495 373 1538 nova
396 1481 465 1537 orta
493 1473 626 1540 dissidia
649 1473 786 1540 fuissent
803 1475 886 1541 inter
911 1474 1084 1563 utriusque
1148 1475 1312 1565 sisenem,-

97 1581 161 1646 arii
191 1578 302 1665 placiti
330 1577 576 1664 adstipulatores
600 1562 686 1644 circa
709 1581 854 1646 eiusdem
879 1581 1087 1646 Constitutio-
1136 1548 1313 1671 gfflfflfl

96 1683 328 1768 itelligentiam,
341 1703 452 1747 novam
469 1682 552 1746 idem
569 1682 717 1747 Pontifex
734 1684 1001 1749 Constitutionem
1017 1683 1091 1750 vui·
1136 1689 1181 1739 uo.

120 1808 205 1854 anno
229 1783 326 1864 tiss,
351 1807 415 1872 qua
442 1786 601 1872 improbat
627 1789 842 1874 expositiones
862 1810 880 1856 a
902 1787 1087 1856 fautoribus

96 1914 159 1957 sae
192 1890 306 1977 partis,
335 1889 507 1975 praecipue
523 1910 599 1954 vero
615 1911 633 1953 a
651 1890 803 1956 Baudetio
819 1893 1016 1979 excogitatas
1032 1889 1086 1979 (2);

96 2002 135 2059 iat
151 2000 332 2080 praetcrea,
351 1998 446 2077 atque
464 1992 791 2058 excommunicatione
807 1992 890 2058 latae
912 1995 1087 2060 sententiae

96 2099 225 2176 saintet,
244 2097 302 2183 qui
318 2096 468 2161 alterutri
485 2095 602 2182 placito
614 2096 755 2161 haeresis
770 2105 877 2162 notam
890 2100 1084 2184 attingerent.

96 2238 97 2248 κ
121 2200 265 2285 denique
297 2198 491 2286 insequenti,
514 2218 625 2284 nempe
649 2195 747 2277 1483,
771 2200 898 2293 tertiam
926 2200 1087 2268 Constitu·

96 2416 199 2486 prioris,
211 2429 281 2486 quae
294 2420 349 2470 tam
368 2429 416 2485 per
433 2429 522 2470 romu·
573 2415 735 2468 nantensibus
752 2376 903 2482 opusculum
914 2416 1028 2469 ediderat
1040 2417 1082 2466 cui

96 2516 224 2571 'tromper
234 2500 519 2555 otiasecciesiossssto
571 2505 673 2554 titutum
683 2503 752 2554 feeit:
768 2501 907 2558 Trecentos
916 2503 949 2556 de
957 2503 1078 2572 dapum·

96 2584 230 2641 tseembrt'a
241 2587 353 2654 antiqua
363 2590 388 2638 st
396 2584 520 2639 teudosi·
573 2587 601 2639 ri
607 2587 725 2656 puritate
738 2591 763 2640 et
778 2587 968 2657 praeropativa
981 2586 1080 2642 Conce-

96 2669 237 2726 utetudtne
257 2667 412 2730 coedentem
426 2669 519 2723 statui·
570 2670 668 2740 ptionis
681 2663 907 2739 structurum
919 2675 996 2737 priori
1008 2679 1080 2738 parte

109 2754 271 2809 ordinamus
283 2753 400 2807 eamdem
411 2752 519 2807 celedri-
571 2759 690 2823 insinuat,
697 2759 845 2808 sententiam
855 2757 886 2807 de
899 2759 1079 2820 praeservatio·

99 2841 232 2912 praefato
243 2839 287 2891 die
298 2837 328 2891 in
339 2837 457 2892 omnibus
481 2855 522 2894 ec·
574 2856 606 2893 ne
617 2844 705 2893 beatae
716 2844 826 2906 Virginis
838 2842 869 2892 ab
886 2842 1000 2906 originali
1019 2857 1085 2908 poe*

96 2964 104 2994 ,
124 2923 294 2979 monasteriis
310 2930 337 2977 et
355 2923 520 2979 conventibus
573 2931 629 2977 cato
647 2929 811 2979 essecestra
828 2926 917 2995 fidem,
928 2940 1076 2996 moneam,

96 3013 169 3064 irone
189 3007 337 3076 retipiom'r,
349 3006 397 3062 sad
415 3009 520 3088 nontipe
572 3008 742 3080 haereticam,
756 3010 873 3080 impiam,
893 3012 955 3065 item
970 3026 1078 3082 peceare

96 3090 194 3162 ptiom's
211 3089 316 3159 festivis
333 3088 457 3144 laudibus
474 3105 518 3143 co·
570 3096 595 3145 et
607 3091 751 3146 haereticos
769 3107 823 3145 esse
842 3094 1012 3162 appellandos,
1029 3097 1075 3160 qui
1173 3088 1177 3101 '

96 3192 114 3230 n
133 3189 198 3228 esse.
392 3187 396 3197 ·
570 3191 626 3229 eam
637 3163 775 3228 detendunt
787 3178 828 3228 ret
840 3177 973 3228 affirmant.
991 3179 1021 3229 tn
1031 3194 1077 3244 po·

96 3256 516 3323 Nempecumdatatuerttprimn
569 3260 767 3311 sterion-sotem
783 3265 854 3323 parte
871 3261 903 3311 ad
916 3260 1039 3312 rationem
1052 3260 1077 3311 11
1179 3271 1181 3277 ·

96 3343 242 3394 lonstitntio
258 3357 274 3391 a
292 3342 362 3392 Sixto
372 3342 408 3393 IV
429 3342 469 3392 die
480 3333 514 3394 27
567 3342 723 3406 desumptam
735 3343 929 3405 exindulgentia
939 3356 953 3391 a
963 3333 1076 3394 sinoti(

97 3428 140 3494 rii,
149 3427 209 3478 hinc
217 3425 256 3494 m,
266 3431 294 3476 ut
305 3427 331 3474 in
343 3427 519 3489 supputatione
570 3439 688 3476 concessa
716 3426 879 3476 recitantibus
901 3408 1077 3489 conceptionis

97 3513 177 3562 ostica
194 3524 259 3575 utrae
279 3511 340 3559 oiim
356 3523 432 3573 penes
451 3522 515 3559 rom.
569 3509 693 3576 Officium,
705 3511 850 3578 respondet,
868 3510 1029 3561 testivitatem
1048 3514 1073 3560 et

96 3597 143 3644 ices
154 3593 182 3641 in
195 3604 244 3641 usu
265 3596 328 3658 erat,
340 3605 440 3655 quaque
456 3591 515 3642 anni
566 3591 746 3655 indulgentiam
757 3591 830 3642 istam
839 3592 1025 3656 intelligendam
1036 3603 1072 3640 es·

96 3681 157 3730 bunt
170 3678 321 3728 adominira
338 3677 513 3729 lncematione
565 3691 592 3728 se
601 3678 633 3728 de
651 3679 704 3729 sota
714 3678 879 3743 conceptione
891 3677 1021 3744 spirituaii,
1029 3689 1074 3726 ssu

96 3757 150 3818 ⁵25
171 3764 264 3830 martii,
276 3768 372 3827 spectat
382 3764 514 3814 ndnnnum
566 3765 1007 3833 dessnctifleations,quaetempore
1024 3774 1071 3812 ns-

96 3850 117 3899 in
126 3847 305 3911 supputatione
322 3860 384 3896 vero
395 3847 512 3918 civili,ad
565 3848 673 3897 turetem
690 3848 880 3911 conceptionem
890 3848 1021 3916 subsecuta
1030 3844 1072 3893 sit.
1096 3884 1099 3890 .

109 3927 192 3998 1477,
206 3945 265 3981 cum
278 3931 352 3981 huius
361 3930 459 3982 initium
471 3945 514 3981 su·
566 3931 595 3980 ld
607 3933 711 3995 contigit
722 3947 788 3984 anno
797 3926 873 3983 test.
884 3929 922 3981 Gi.
931 3930 1020 3979 Pisaea
1029 3926 1078 3990 op.'

96 4029 119 4065 tr
128 4028 143 4063 a
152 4008 215 4064 diet
231 4013 419 4063 ianuariiltaec
429 4018 514 4064 autem
566 4013 610 4063 eit.
621 4012 679 4064 Act.
691 4009 718 4081 5,
727 4028 764 4063 ar.
777 4004 809 4086 2.Ι
822 4012 911 4075 Incipit
923 4021 998 4074 porro
1010 4008 1072 4058 tusc

96 4097 161 4150 tutio
175 4098 270 4161 incipit:
286 4094 351 4150 Cum
365 4095 510 4165 procedre.
564 4097 626 4150 sixti
639 4098 799 4150 Constitutio:
819 4091 909 4148 Graue
930 4089 1019 4144 nimis.
1139 4115 1143 4123 .

96 4183 375 4250 siquitemmnueuus
389 4183 454 4247 typis
465 4183 512 4235 Bo·
581 4221 584 4228 .
1054 4169 1081 4193 ⁷¹
