2828 4904
518 320 702 391 -tta-

151 437 197 504 11.
224 438 319 525 Apud
344 442 454 505 Patres
480 441 777 528 ecclesiasticosque
798 441 970 528 scriptores
997 443 1146 509 vetustis·

96 563 159 607 nos
185 545 335 608 cadell.
360 543 494 629 Virgine
517 546 724 631 pronuntiata
748 545 980 630 reperiuntur,
1005 568 1089 632 quae
1112 547 1146 612 in

96 647 232 724 nmine,
248 655 285 712 ut
306 647 352 711 ita
375 647 498 733 loquar,
523 649 712 713 sairtteutiam
729 646 768 711 do
783 648 854 712 eius
878 670 896 713 a
913 649 1028 735 quavis
1044 650 1147 733 ¹origi-

96 771 108 814 s
133 750 235 837 culpa
253 752 452 837 exemptione
473 751 650 815 includunt.
669 751 805 817 Germen
818 773 914 836 porro
926 751 1015 817 istud
1035 773 1148 819 saecu-

96 875 170 919 rum
187 875 352 933 successu,
371 875 428 919 nec
440 877 501 919 non
514 862 584 940 post
601 863 745 919 exortam
756 855 853 920 etiam
864 855 1062 941 pelagianam
1078 857 1151 922 hae-

96 958 174 1036 ιίιιι,
199 979 268 1024 sese
289 958 411 1043 iugiter
431 960 534 1043 magis
556 980 593 1024 ac
615 960 717 1044 magis
740 957 899 1046 explicuit
923 967 1148 1046 atqueaeque

96 1082 142 1126 eo
166 1061 361 1139 assurrexit,
378 1061 477 1126 donoc
499 1083 561 1126 non
585 1063 678 1148 pauci
696 1063 755 1126 hoc
771 1060 870 1127 dacus
887 1063 925 1126 B.
943 1063 1074 1147 Virgini
1097 1083 1147 1128 as-

95 1174 188 1231 rtum
210 1165 371 1251 conceptis
388 1165 492 1231 verbis
509 1166 648 1230 volucre.
665 1167 760 1232 Hisce
779 1187 856 1232 vero
872 1187 947 1230 eum
963 1166 989 1231 ii
1011 1185 1074 1231 non
1090 1165 1146 1232 ad·

96 1276 244 1347 rsentur‚
258 1275 294 1333 ut
309 1289 407 1355 supra
424 1268 576 1344 diximus,
593 1289 732 1355 quorum
749 1268 931 1334 testimonia
947 1289 1006 1355 pro
1019 1277 1145 1334 contra·

96 1393 109 1437 r
131 1372 291 1437 sententia
302 1370 410 1437 afferri
428 1371 540 1449 solent,
558 1372 782 1457 consequitur,
793 1370 884 1457 pium
898 1370 1053 1459 placitum
1073 1393 1145 1436 con·

95 1474 196 1539 tentis
215 1473 395 1539 traditionis
416 1472 620 1539 fundamento
640 1473 823 1538 nullatenus
847 1494 916 1538 esse
939 1472 1143 1541 destitutum.

146 1578 209 1642 111.
226 1579 333 1643 Huius
346 1586 509 1665 practerea
524 1578 706 1644 traditionis
718 1584 923 1642 monumenta
937 1578 1067 1643 minime
1086 1578 1146 1644 dn-

96 1705 110 1748 a
133 1682 169 1747 in
191 1682 429 1768 ,antiquissimis
454 1682 616 1747 Ecclesiae
644 1681 787 1767 liturgiis
810 1679 992 1761 habentur,
1014 1681 1145 1748 infesti

110 1784 265 1870 Virginei
281 1783 460 1870 Conceptus
476 1785 679 1849 institutione
695 1806 732 1848 ao
752 1785 992 1871 propagatione,
1012 1787 1045 1850 in
1061 1807 1145 1852 com-

96 1890 146 1955 uui
164 1889 392 1975 constantique
409 1889 550 1954 fidelium
571 1909 678 1967 sensu,
700 1889 757 1975 qui
775 1889 879 1955 maius
903 1888 937 1954 iu
960 1889 1027 1956 dies
1043 1890 1146 1957 iucre-

96 2001 201 2063 aatam
225 1991 322 2077 cepit.
1005 2064 1008 2069 ⁴

145 2096 204 2163 lV.
229 2099 426 2180 Argumenta
449 2095 588 2182 denique
613 2095 800 2179 theologica,
818 2119 902 2183 quae
918 2119 977 2184 pro
1000 2098 1059 2162 hac
1075 2097 1144 2184 opi-

96 2218 150 2265 ma
175 2205 274 2276 stant,
292 2199 450 2265 eiusmodi
473 2208 563 2278 sunt,
580 2207 618 2276 ut
640 2221 677 2265 ea
701 2201 844 2288 recipere
867 2201 916 2266 vel
939 2202 964 2266 ii
987 2202 1070 2289 ipsi,¹
1085 2200 1142 2286 qui

96 2323 118 2370 n
136 2302 276 2370 adversa
295 2304 450 2370 sententia
472 2303 671 2391 depugnant,
688 2304 816 2369 omnino
831 2312 999 2390 cogantur.

116 2466 133 2475 ..
144 2407 233 2474 Cum
256 2407 319 2472 huc
335 2426 402 2473 rem
417 2407 610 2474 deduximus
633 2408 725 2474 nobis
741 2407 776 2473 id
791 2408 993 2495 propositum
1008 2406 1084 2486 fuit,
1104 2413 1143 2472 ut

96 2509 207 2579 alodo
224 2532 244 2575 a
259 2513 403 2578 Launoio
425 2513 619 2580 constitutae
642 2512 953 2590 obsecundaremus,
975 2512 1034 2599 qui
1050 2517 1142 2584 ratus

96 2613 282 2681 maculatae
304 2617 450 2702 Virginis
480 2617 687 2703 Conceptioni
717 2616 844 2682 nonnisi
867 2616 1040 2702 scriptores
1071 2614 1144 2681 aevi

96 2724 233 2781 tmtaxat
255 2717 415 2804 sequioris
438 2717 650 2804 adstipulatos
674 2718 786 2796 fuisse,
803 2718 899 2782 immo
919 2725 951 2784 et
973 2716 1145 2783 Pontifices

96 2842 207 2887 manos
231 2829 328 2909 atque
353 2824 495 2889 Consilia
524 2834 635 2889 contra
658 2826 758 2889 totius
782 2824 986 2911 antiquitatis
1013 2844 1142 2896 sensum

96 2946 225 3011 agnasse
247 2925 324 2991 dum
346 2927 418 3013 piae
442 2929 616 2993 sententiae
647 2926 753 2993 favere
776 2928 838 2993 visi
864 2935 951 3004 sunt,
972 2948 1047 2992 suas
1064 2948 1146 3016 quas

96 3035 151 3093 cat
161 3035 421 3117 praescriptiones
433 3030 523 3116 operi
535 3031 593 3095 hac
606 3029 644 3094 de
658 3052 692 3095 re
705 3051 764 3095 suo
776 3030 972 3118 praeposuit.
990 3030 1144 3109 Quamvis

96 3140 179 3212 rtem,
197 3134 249 3199 uti
269 3133 345 3199 huic
368 3132 529 3200 sublestae
546 3133 619 3199 fidei
637 3134 762 3199 auctori
784 3154 851 3198 mos
875 3140 941 3213 est,
965 3133 1059 3222 plura
1074 3134 1144 3221 ipse

96 3256 131 3300 tm
155 3233 236 3302 ialsa
259 3245 328 3302 tum
345 3244 462 3302 temere
485 3237 572 3303 dicta
598 3237 825 3302 interseruerit
848 3232 902 3324 (l),
926 3237 1012 3303 haud
1040 3244 1146 3302 tamen

100 3508 131 3581 (l)
147 3513 335 3580 Argumentum
347 3518 494 3569 temeritatis
512 3518 572 3570 insl—
624 3512 709 3584 1564,
725 3521 815 3582 utpote
832 3531 898 3583 quae
924 3517 988 3579 desit
1008 3517 1032 3566 in
1054 3515 1143 3568 editio

96 3599 208 3653 mindae
225 3602 396 3665 hypercritico
408 3603 449 3669 rit,
460 3603 530 3668 quod
542 3617 574 3655 eo
625 3603 698 3653 nibus
718 3617 759 3654 an·
776 3597 856 3670 1546,
877 3595 940 3656 1551
956 3633 966 3669 ,
984 3596 1062 3654 1555
1080 3599 1139 3666 Ast,

96 3699 208 3749 amasses
224 3685 342 3739 tueritut
354 3687 518 3755 inficiaretur,
530 3701 574 3751 ge·
627 3688 665 3738 uti
691 3689 809 3739 observat
830 3687 983 3747 Benedictus
1008 3685 1069 3736 xlv
1090 3682 1145 3738 ne

97 3767 163 3817 inam
184 3782 240 3818 ease
264 3768 402 3819 clausulam
428 3770 504 3820 Cone.
527 3772 574 3821 tri·
624 3768 700 3838 lestis
716 3764 796 3822 c.l5·
813 3785 837 3820 n·
857 3761 892 3820 12
909 3771 1029 3830 eaextat
1047 3768 1144 3826 additio

96 3853 229 3917 ntioi,qoa
242 3866 302 3903 sesa.
320 3854 496 3918 Vprotessurn
523 3860 571 3921 est,
625 3854 651 3909 in
672 3853 743 3905 Actis
761 3853 866 3904 concilii
885 3852 1055 3917 autographis,
1073 3865 1142 3915 qnae

104 3935 252 4003 indecrato
273 3936 305 3988 de
324 3943 426 4000 peccato
456 3939 569 4001 originali
624 3937 940 4002 Romaeserrantur,et.in
958 3935 1141 3998 exemplaribus

96 4021 160 4072 aime
183 4021 214 4071 B.
233 4021 366 4082 Virginem
391 4023 574 4072 immaculatam
628 4021 679 4077 iam
696 4022 785 4088 editis,
803 4027 829 4072 et
842 4035 856 4070 a
868 4020 1015 4077 Massareilo
1034 4019 1141 4079 Caecilii

96 4106 442 4172 aprehendereaoiuisse3ac
460 4111 575 4155 autumat
622 4106 764 4156 secretaria
784 4104 933 4166 recognitis.
951 4103 1026 4153 Extat
1055 4103 1143 4162 itidem

96 4207 110 4243 a
129 4191 244 4241 Concilio
262 4189 383 4240 adiectam
411 4192 436 4238 in
454 4191 514 4239 edit.
532 4203 573 4238 an.
627 4190 652 4240 in
670 4190 824 4241 editionibus
841 4186 965 4253 Consilii,
982 4200 1050 4251 quse
1066 4201 1142 4251 prae·

1216 461 1304 523 Neque
1323 457 1378 508 oili-

1199 532 1270 580 ciunt
1281 532 1377 582 Patres.

1207 1584 1263 1632 imo
1276 1586 1378 1635 traditio

1199 1653 1278 1707 taret.

1214 2127 1307 2177 Parent
1320 2141 1358 2178 ar·

1225 2206 1345 2256 gomrrnta

1214 2268 1356 2331 thoiogma

1213 2447 1350 2500 liethertus
1362 2466 1376 2502 a

1194 2520 1307 2569 Lanoolo
1319 2536 1379 2583 pro·

1195 2593 1275 2654 posita
1294 2592 1317 2640 in
1329 2593 1376 2642 liae

1197 2665 1371 2712 controversia
