2828 4904
755 300 941 371 -tea-

72 451 252 506 Menon.
398 421 504 504 Quam
535 422 667 512 quidem
690 423 731 489 ob
758 445 890 490 causam
918 444 1025 509 noque
1050 422 1168 489 Sixtua
1190 424 1254 504 tt,

72 525 207 576 flmmtuf
220 537 251 574 ⁰¹
306 526 507 593 lateranense
525 526 707 593 Concilium
723 525 784 591 sub
802 527 951 591 LeoneX
974 524 1191 606 celebratum,
1211 548 1257 592 net

70 594 253 730 ssfflssllss
305 631 410 701 nodus
434 632 609 697 tridentina
633 632 856 718 quaestionem
876 630 957 695 hanc
974 628 1181 696 deciderunt.
1198 632 1257 710 Qut

79 750 161 787 ΜΝ
178 749 243 787 ⁸⁰¹⁰·
304 733 444 801 cuilibet
457 733 579 800 indicio
602 741 670 812 ost,
694 755 799 819 neque
822 753 971 797 romanos
995 732 1170 799 Pontifices
1193 755 1257 821 neqr

71 807 252 930 ,ᾞῖἱὲῦὼ
303 838 380 905 cilia
403 838 600 904 alterutram
628 838 822 903 sententiam
845 845 998 923 tanquam
1023 836 1099 902 fidei
1124 837 1239 924 dogma

304 945 451 1031 potuisse
474 939 530 1031 (1).
554 945 598 1008 Et
614 964 701 1020 sone,
716 941 885 1029 quomodo
908 943 1134 1028 quaestionem
1156 943 1237 1008 banc

303 1046 497 1135 potuissent,
512 1046 540 1110 si
553 1045 679 1111 nullum
696 1045 809 1110 efficax
821 1044 1043 1111 testimoninm
1059 1031 1120 1132 pro
1132 1047 1257 1111 Marion

300 1152 396 1240 legio,
412 1152 453 1219 de
469 1173 536 1239 quo
552 1151 756 1228 disserimus,
781 1172 799 1216 e
823 1151 1180 1239 Scripturiseuppetig
1199 1175 1216 1216 e
1238 1154 1257 1218 P

301 1280 389 1337 vcro,
404 1259 465 1346 'qui
482 1258 516 1322 in
532 1257 605 1321 eius
617 1257 666 1321 rei
683 1257 877 1322 mentionem
897 1255 1053 1333 incidere,
1071 1256 1097 1320 ii
1115 1278 1180 1322 uno
1196 1277 1248 1322 ore

301 1371 417 1428 rerunt
433 1365 470 1428 B.
487 1362 656 1448 Virginem
679 1360 712 1425 in
732 1369 865 1447 peccato
881 1361 1033 1445 originali
1050 1354 1257 1447 conceptam?

302 1466 419 1531 delicet
442 1466 635 1532 Ambrosius
652 1487 752 1553 super
768 1465 852 1532 Psal.
872 1464 948 1531 118.
970 1487 1060 1530 conc.
1079 1465 1169 1541 oid
1188 1470 1257 1550 Aug*

304 1593 404 1658 super
428 1574 478 1636 rs.
503 1569 548 1639 ei
570 1572 604 1635 in
628 1572 721 1635 illum
744 1591 852 1636 vers:
872 1572 938 1655 Epo
963 1585 1068 1635 antem
1090 1594 1162 1636 cnm
1178 1572 1247 1636 miii

302 1688 398 1741 emeat
411 1686 485 1758 etc.;
502 1683 534 1741 et
546 1675 602 1740 lib.
620 1677 641 1740 2
658 1676 704 1739 De
724 1661 822 1763 Bapt.
842 1675 977 1740 Parent.
995 1698 1024 1739 c.
1045 1673 1100 1753 24,
1117 1687 1150 1741 et
1164 1676 1217 1740 lib.
1234 1673 1257 1740 n

307 1780 416 1846 Genea.
441 1783 484 1848 ad
505 1785 601 1847 litter.
625 1803 654 1846 c.
674 1779 728 1859 18,
753 1790 786 1845 et
801 1779 858 1845 lib.
881 1780 936 1847 53.
954 1781 1257 1867 contradictionem

308 1885 557 1977 chrysostomus
580 1909 674 1974 snper
703 1885 817 1951 Marti.
842 1886 880 1950 ld
907 1885 1073 1950 Eusebius
1104 1887 1257 1950 emissenu

309 1990 402 2057 Cone.
428 1996 553 2056 nativit.
578 1991 668 2054 Dora.
699 1989 735 2054 ld
764 1974 1058 2076 Rernigius'super
1082 1992 1134 2053 Ps.
1151 1988 1207 2066 el,
1228 2000 1256 2053 et

306 2117 379 2162 mus
402 2096 436 2162 in
453 2095 555 2161 Serm.
580 2096 626 2160 De
643 2095 786 2183 dssnmp.
804 2097 845 2160 B.
868 2096 903 2161 V.
921 2093 1126 2160 adstruxere.
1152 2095 1239 2160 ldem

306 2199 443 2269 affirmat
466 2200 569 2281 Beda,
587 2222 687 2288 super
702 2201 818 2285 Meosne
835 2213 892 2278 eit,
907 2200 1079 2266 Anselmus
1090 2195 1129 2264 'in
1145 2200 1202 2264 lib.
1231 2199 1257 2263 Cr

200 2371 203 2375 .
307 2309 395 2376 honio
413 2328 447 2374 c.
471 2306 525 2388 16,
545 2308 743 2385 bernardus,
762 2296 1012 2396 utposteriores
1029 2307 1197 2372 mittamus
1215 2306 1255 2392 (2)

306 2409 395 2476 nllus
419 2410 613 2476 Sanctorum
633 2410 846 2476 contravenit.
863 2412 932 2475 Hoc
955 2418 1185 2495 argumentum
1202 2411 1257 2475 illu

305 2513 393 2579 lenm
409 2524 468 2594 est,
482 2535 549 2601 quo
557 2516 713 2578 Erasmus
731 2515 874 2578 omnium
891 2513 989 2578 etiam
1001 2513 1195 2578 Sanctorum
1215 2527 1257 2579 tes

305 2638 369 2682 non
393 2638 426 2683 se
462 2619 629 2683 existimat
650 2616 878 2697 obruendum,
904 2619 932 2682 si
956 2615 1086 2703 quando
1110 2619 1257 2684 universi

308 2722 454 2807 gnarerit
473 2717 527 2808 (3).

104 2833 252 2885 rescierin-
395 2825 487 2893 adde
517 2826 622 2892 adhuc
662 2828 822 2893 incertum
850 2848 932 2906 esse,
950 2849 1028 2892 num
1063 2828 1212 2893 Ecclesia
1229 2829 1257 2891 'i

73 2905 251 3026 ’ζὶζὶᾚρζ
306 2930 533 3021 Conceptionis
553 2933 721 2998 Marianae
742 2932 958 2997 celebratione
986 2931 1047 2996 sibi
1072 2941 1109 2996 ut
1134 2932 1257 2996 obiecti

108 3045 214 3096 tunium
304 3036 452 3123 posuerit
482 3040 707 3100 immunitatem
743 3037 892 3121 Virginei
925 3043 1100 3122 conceptus
1129 3057 1147 3099 a
1175 3057 1253 3122 pecc

304 3139 422 3226 ginali:
456 3138 718 3227 quandoquidem
735 3162 760 3204 s.
787 3141 923 3205 Thomas
940 3162 1014 3204 cum
1039 3140 1101 3204 sibi
1126 3139 1257 3205 obiecisr

303 3244 510 3311 suetudinem
530 3243 761 3312 nonnullarum
783 3245 1003 3310 Ecclesiarum
1027 3244 1256 3332 Conceptionis

302 3329 549 3433 celebrantium,
567 3347 741 3435 respondet
757 3346 916 3413 eiusmodi
934 3346 1154 3412 celebritatem
1170 3369 1236 3412 non

304 3450 413 3516 taliter
436 3450 649 3537 spernendam
672 3470 711 3515 eo
734 3449 822 3537 quod
842 3450 954 3515 saltem
971 3449 1169 3514 toleraretur
1189 3449 1231 3514 ab
1248 3451 1257 3514 l

303 3568 446 3634 romana,
464 3575 549 3642 quae
565 3554 625 3619 hoc
641 3552 761 3619 lestum
778 3577 840 3619 non
862 3553 1061 3633 celebrabat,
1079 3575 1115 3618 ac
1136 3552 1253 3618 deinde

71 3700 109 3752 E,
123 3714 142 3752 ι
154 3698 249 3748 Thema
302 3660 366 3726 Nec
380 3672 484 3725 tomen
494 3680 554 3748 per
570 3659 625 3724 hoc
641 3660 725 3747 qnod
734 3660 845 3744 festum
861 3657 1073 3746 Conceptionis
1087 3657 1257 3724 celebratur

303 3767 438 3851 intellipi
471 3765 555 3852 qnod
580 3771 613 3830 in
636 3787 695 3829 sno
719 3771 913 3852 conceptione
943 3766 1039 3848 fcerit
1066 3776 1187 3829 sancta.
1225 3764 1257 3829 Si

303 3896 364 3960 quo
388 3884 523 3958 tempore
544 3872 742 3957 'sanctificato
764 3871 861 3953 feerit
883 3876 1062 3955 ignoratur,
1087 3869 1257 3934 celebratur

348 4050 383 4117 (1)
395 4053 584 4102 itaCnnusloc.
597 4052 640 4100 ott.
881 4053 1001 4114 epocham
1016 4052 1257 4114 dequanosagimn

350 4131 381 4193 t2t
395 4141 466 4199 Quos
475 4140 542 4187 enim
553 4139 594 4186 hic
606 4139 724 4198 deinceps
734 4151 824 4187 recen·
916 4132 949 4202 [5)
963 4139 1026 4187 ibid.
1037 4152 1091 4200 rap.
1106 4138 1126 4186 1.

310 4231 347 4272 ret
367 4223 556 4289 enimomnes
574 4224 825 4286 praetergrediuntur
