2828 4904
441 319 648 395 '2155-

96 438 165 516 atis
202 450 364 535 comperta
388 446 466 511 satis
488 468 551 512 non
582 445 704 527 tuerit,
727 466 764 512 ac
787 447 864 512 talia
887 434 1021 535 proinde
1044 447 1092 514 eie

96 555 178 620 dum
195 576 214 618 e
231 551 351 617 calamo
363 541 554 629 exciderunt,
570 573 654 637 qnae
670 553 831 617 contraria
848 553 889 617 iis
906 560 993 632 sunt,
1009 572 1094 640 quae

96 678 143 722 tac
170 654 317 721 Ecclesia
343 653 497 720 delinivit.
527 654 652 719 Exinde
675 653 749 720 illac
772 655 939 741 protluunt
961 653 1094 740 regulae

116 783 137 825 a
163 758 322 844 theologis
355 757 541 835 traduntur,
559 749 702 844 utsquac
725 765 758 823 et
792 765 912 844 quanta
940 757 1095 824 Patribus

96 863 216 930 edenda
243 863 420 928 auctoritas
443 863 496 940 sit,
521 862 662 948 approbe
686 864 927 927 internoscatur
950 860 1004 948 (l).

96 970 132 1035 Si
162 968 266 1054 igitur
288 968 375 1033 bisce
398 969 431 1031 in
455 966 679 1032 occasionibus
711 967 856 1033 Ecclesia
874 966 1093 1034 fundamentis

96 1072 173 1138 nodi
196 1073 306 1138 innixa
328 1071 539 1158 dogmaticam
561 1073 634 1137 iure
657 1072 752 1138 edere
773 1074 879 1160 potuit
898 1080 996 1161 atque
1013 1074 1093 1139 adeo

96 1179 207 1265 doque
230 1175 332 1242 edidit
354 1176 584 1254 definitionem,
607 1175 699 1264 plano
727 1178 938 1265 consequitur
960 1178 1092 1244 candem

96 1304 151 1348 nne
169 1299 278 1368 posse,
292 1281 320 1346 si
335 1279 370 1345 id
384 1279 469 1345 lacto
485 1301 566 1366 opus
585 1278 699 1360 luerit,
717 1280 832 1346 iisdem
852 1280 1003 1346 confisam
1019 1278 1092 1347 lun·

96 1383 168 1448 ntis
186 1382 406 1468 quaestionem
425 1381 567 1468 aliquam
590 1381 768 1467 dogmatice
799 1382 970 1462 dirimere,
994 1389 1092 1471 atque

96 1485 163 1550 idei
180 1483 344 1550 obiectum
363 1483 558 1550 credendum
574 1505 763 1570 proponere.
781 1483 889 1548 Multo
901 1504 978 1549 vero
989 1484 1092 1570 magis

96 1588 216 1656 eclesia
235 1594 353 1676 posset,
377 1587 405 1653 si
434 1589 586 1674 temporis
609 1608 784 1675 progressu
819 1588 975 1674 liquidior
1002 1587 1094 1653 ficret

96 1692 163 1759 etio
188 1697 222 1756 et
248 1691 406 1756 sententia
432 1712 516 1778 quae
547 1688 725 1756 delinienda
755 1697 822 1776 est3
846 1690 998 1779 illamque
1021 1700 1093 1758 tum

96 1817 159 1863 res
175 1804 245 1861 tum
262 1794 370 1861 fideles
387 1795 600 1860 communiter
619 1795 774 1862 baberent
796 1795 861 1861 iam
880 1794 944 1862 sibi
960 1817 1094 1883 persua·

104 1900 144 1965 in
161 1921 266 1986 eaque
287 1920 420 1964 assensu
436 1920 496 1964 suo
519 1897 612 1986 plane
634 1899 910 1986 conquiescerent.
927 1901 1042 1988 Neque
1062 1921 1094 1965 e-

99 2003 172 2070 nlla
190 2003 262 2069 fieri
277 2004 401 2069 ratione
412 2011 528 2090 potest,
545 2011 583 2068 ut
594 2002 739 2069 Ecclesia
755 2004 907 2070 universa
927 2025 1095 2070 erroneam

96 2108 189 2175 bam
201 2106 336 2174 imbibat
351 2108 540 2185 doctrinam,
558 2108 678 2195 quippe
695 2129 779 2194 quae
795 2108 950 2194 iugitera
971 2109 1096 2196 Spiritu
1171 2109 1176 2120 '

96 2219 132 2279 to
162 2211 291 2291 edocta,
320 2233 379 2278 seu
401 2233 420 2277 a
443 2212 567 2299 Spiritu
595 2211 742 2277 veritatis
772 2220 961 2278 sustentata.
1000 2214 1096 2292 Quod

96 2315 194 2382 tblica
211 2336 247 2380 ac
264 2314 412 2380 solemnis
432 2315 578 2380 eiusdem
593 2315 758 2380 Ecclesiae
774 2311 932 2401 professio
949 2316 984 2381 in
1003 2317 1096 2393 actis,

96 2419 169 2501 dtu,
182 2427 280 2507 atque
292 2420 326 2486 in
339 2428 405 2485 tota
418 2420 532 2508 agendi
544 2420 667 2485 ratione
679 2418 882 2486 manifestata
896 2420 1003 2508 quoad
1012 2420 1097 2486 idcrn

96 2691 243 2751 Consuleaia
268 2699 363 2752 Melcb.
376 2700 472 2752 Canum
486 2697 527 2755 De
573 2717 631 2756 aion
649 2716 731 2768 posse.
750 2702 808 2768 Quo
826 2703 852 2755 in
869 2701 927 2754 loco
945 2701 1098 2754 admonendi

96 2785 125 2835 b.
137 2780 348 2850 v11.cap.3·nbi
362 2788 427 2838 inter
439 2794 525 2841 cetera
577 2795 636 2841 sunt
644 2788 729 2856 bi7qui
739 2790 878 2854 praeceptis
888 2787 1031 2852 theologiae
1042 2787 1098 2840 nul·

96 2870 194 2921 cribere
206 2885 258 2921 non
266 2871 390 2921 dubitavit
400 2873 424 2923 ln
436 2874 524 2936 regula
575 2874 607 2924 lts
617 2874 736 2941 accepite,
747 2878 804 2937 post
816 2875 903 2936 bonas,
915 2889 977 2938 qnas
989 2877 1097 2939 vocant,
1170 2868 1172 2873 '

96 2957 122 3006 lo
132 2957 190 3008 loeo
200 2954 321 3007 tradita‘l
333 2957 413 3008 Unius
431 2964 476 3008 aut
488 2959 526 3008 al·
577 2960 686 3026 littra-as,
695 2960 780 3011 rtatim
791 2960 822 3010 ad
832 2962 1101 3011 sanctorumveterum

98 3040 253 3093 Sanctorum
262 3044 400 3093 auctoritas
412 3043 487 3094 etiam
499 3043 525 3094 in
577 3045 715 3096 tectionem
724 3045 851 3108 appellant
869 3046 989 3095 animum.
1000 3045 1060 3093 Nou
1070 3056 1101 3094 e-

96 3139 131 3178 rae
142 3126 175 3175 ad
187 3140 270 3177 sacras
280 3127 379 3178 litteras
390 3131 415 3181 et
426 3125 525 3182 doctri·
576 3129 628 3181 ntm
637 3143 814 3194 quaecumque
828 3129 1022 3194 ibitegorinnea
1036 3133 1097 3179 sunt

96 3206 145 3261 'dee'
161 3208 306 3278 pertinent,
323 3209 453 3275 probabile
473 3212 528 3277 qui·
580 3213 709 3277 probanda
718 3213 829 3263 omnia...
843 3214 967 3277 Primump
976 3213 1098 3278 quonlam

96 3299 257 3359 rgumeutum
268 3295 459 3346 subministrare
479 3308 527 3360 po·
579 3309 620 3347 res
637 3296 777 3348 nonnullae
794 3309 845 3348 non
866 3301 940 3348 erant
954 3302 1017 3347 tune
1034 3296 1101 3347 adeo

98 3390 182 3428 mum
200 3391 327 3430 veronen
348 3383 432 3444 potest
445 3411 472 3446 ‚p
482 3378 528 3430 At·
579 3380 605 3432 tn
615 3379 726 3432 Ecclesia
736 3380 866 3447 definitae,
878 3386 907 3429 nt
917 3370 1100 3431 nuneeaaevt·

96 3476 147 3513 aue
158 3463 347 3514 conclusionem
363 3465 528 3519 demonstrat
579 3465 667 3516 demus
685 3471 760 3531 ete„
778 3466 832 3516 Nee
851 3466 933 3514 minus
952 3464 1099 3528 praeclarae

96 3545 194 3598 reitesta
205 3547 313 3615 ratione,
324 3548 366 3598 eui
378 3548 446 3599 nulla
458 3563 527 3614 pror·
579 3555 639 3600 sunt
649 3551 828 3615 regulamquas
838 3549 863 3597 in
874 3562 921 3599 usu
931 3550 1037 3599 Petrum
1047 3562 1099 3600 ser-

96 3645 109 3682 a
127 3633 228 3683 occurri
240 3637 333 3696 potest.
342 3630 361 3666 ‘⁴
370 3633 445 3696 Quod
466 3647 525 3683 cum
578 3635 675 3684 vendas
685 3634 787 3684 exhibet
799 3634 918 3684 Pacarius
929 3634 954 3682 in
968 3629 1100 3699 Prolcqo-

96 3731 161 3769 trum
173 3718 290 3787 quisque,
297 3719 337 3769 bis
349 3719 472 3769 duntaxat
481 3734 527 3768 ex·
578 3718 663 3771 menia
680 3732 736 3783 cap.
759 3711 786 3786 2,
805 3732 922 3784 quaeque
942 3720 1050 3770 maxtme
1067 3721 1101 3769 ed

96 3836 105 3871 ,
128 3803 175 3868 qui
192 3803 269 3855 libros
286 3804 420 3855 canonicos
438 3804 527 3854 edide·
579 3818 633 3854 rem
652 3808 809 3868 praesentem
821 3803 928 3854 faciunt.
941 3804 998 3854 Hoc
1015 3803 1099 3866 ipsum

96 3887 184 3953 spiritu
196 3879 274 3939 luerit
285 3888 396 3939 humano
409 3889 525 3955 locutus,
577 3888 658 3938 fusius
670 3893 820 3952 prosecutus
833 3893 871 3939 est
885 3891 976 3939 auctor
993 3888 1077 3951 operis
1091 3904 1097 3936 :

97 3972 202 4040 quando
212 3974 253 4024 ret
263 3973 288 4024 tn
299 3986 332 4024 eo
342 3973 443 4040 errarit,
455 3972 525 4038 qnod
577 3969 619 4023 De
629 3971 728 4041 optimo
737 3968 910 4039 rependerem
922 3970 1037 4024 Putrem
1043 3984 1100 4023 me-

96 4073 122 4110 m
143 4062 258 4122 spectare
271 4063 357 4122 postea
367 4059 525 4108 demonstra·
580 4051 662 4108 titudo
680 4054 813 4119 Augustae
831 4056 1003 4106 Taurinorum
1020 4049 1101 4109 1742.

96 4148 122 4211 a,
143 4134 230 4208 aperta
242 4145 340 4192 constat
352 4141 525 4191 exbniusmo·
581 4141 729 4205 praesertim
739 4142 795 4192 tota'
806 4140 882 4191 Parte
890 4140 980 4205 prima.
1022 4147 1024 4150 '

96 4229 203 4281 toritate
221 4210 376 4291 exploratam
385 4225 460 4278 fldem
469 4225 523 4276 tteri
