2774 4906
284 424 424 512 produci
444 444 649 503 consuevere,
674 447 692 490 a
720 424 848 491 biblicis
875 426 1066 518 testimoniis
1089 427 1218 492 initium
1242 427 1355 496 facien·

285 530 363 595 dum
379 529 473 595 duco.
1065 518 1067 522 Α

86 662 231 727 pupexbs.
372 633 474 698 Porro
497 653 579 720 quae
596 632 637 698 ab
653 632 930 720 oppugnatoribus
953 634 1026 720 piae
1050 635 1226 701 sententiae
1242 635 1357 700 escri-

55 734 125 830 nitu
138 733 231 783 tesum.
283 735 392 822 ptnris
418 734 611 801 documenta
643 736 753 801 afferri
782 735 895 815 solent,
923 735 1075 800 bifariam
1100 736 1355 822 distinguuntur,

49 805 233 934 lldsffiiuglss}
284 846 355 905 tum
370 839 494 906 scilicet
508 841 543 904 in
558 861 608 919 ea,
625 840 747 928 quibus
766 840 890 928 pocomi
913 840 1079 925 originalis
1102 842 1292 934 propagatio
1307 841 1356 907 ad·

56 943 223 1005 privilegium.
284 940 433 1008 firmatur
446 943 481 1007 in
496 947 606 1008 omnes
628 962 763 1030 prorsus
778 942 868 1007 Adae
883 951 1039 1028 posteros,
1057 949 1128 1006 tum
1142 942 1176 1006 in
1193 964 1242 1022 ea,
1267 945 1357 1031 queis

283 1048 511 1136 redemptionis
537 1049 714 1114 necessitas
740 1047 847 1134 queem
868 1069 977 1114 omues
1003 1051 1126 1136 pariter
1153 1059 1187 1116 ot
1214 1050 1355 1136 singulos

282 1172 343 1239 per
358 1150 480 1218 Christi
502 1152 619 1218 merita
635 1152 804 1216 asseritur.

371 1256 439 1321 lam
448 1255 705 1322 vera-notissime
721 1263 797 1320 suut
808 1256 1083 1342 omniumquetorc
1094 1257 1173 1323 'trita
1183 1257 1357 1344 utriusque
1368 1290 1379 1315 ·‚

284 1357 397 1423 classis
412 1356 521 1423 divina
537 1356 677 1444 eloquia.
694 1361 742 1423 Ac
753 1358 859 1444 primo
874 1358 1007 1444 quidem
1021 1359 1190 1444 originalis
1207 1380 1312 1426 noxae
1325 1360 1358 1425 in

282 1480 392 1525 omncs
422 1458 558 1546 prorsus
580 1460 670 1526 Adae
696 1460 779 1525 lilios
802 1462 1063 1546 propagationem
1085 1463 1244 1528 evincunt
1259 1463 1357 1529 verba

254 1627 256 1633 .
283 1560 343 1627 lob
364 1559 419 1641 ld,
442 1561 475 1632 1.
507 1563 586 1653 Om's
601 1576 703 1652 potest
719 1565 820 1648 facere
845 1566 1006 1629 mundum?
1019 1567 1055 1629 de
1080 1568 1239 1631 immundo
1259 1588 1362 1633 conm-

276 1677 370 1754 ptum
392 1667 522 1733 onnes
544 1667 653 1734 Nonne
675 1679 711 1732 tu
732 1673 789 1754 qui
805 1669 890 1732 sotus
905 1667 953 1732 es?
978 1667 1042 1735 seu
1064 1667 1158 1733 iuxta
1181 1668 1361 1734 alexandri

281 1788 356 1833 nam
377 1768 569 1835 versionem:
584 1770 680 1836 Nemo
694 1771 827 1835 mundus
843 1792 864 1834 a
886 1770 987 1847 sorde,
1002 1793 1058 1836 nea
1072 1772 1189 1855 ruane,
1205 1777 1297 1838 cuius
1318 1784 1359 1838 en

283 1877 378 1937 unius
400 1873 462 1936 mes
480 1877 547 1939 otta
567 1884 803 1960 superterram.
831 1872 922 1949 Quae
939 1893 1013 1936 cum
1028 1872 1226 1959 do-utraquc
1248 1895 1360 1939 conce-

284 1975 393 2060 ptione
416 1975 484 2042 sive
505 1975 654 2040 mohoata
677 1976 744 2043 aive
767 1973 911 2062 perlecta
932 1974 1071 2061 intelligi
1103 1977 1251 2063 possint,
1273 1982 1362 2064 patet

164 2122 171 2131 -
283 2076 442 2142 nemiuem
463 2077 595 2163 penitus
610 2100 629 2144 a
644 2077 771 2144 macula
793 2078 971 2163 originaria
993 2079 1135 2158 excludi,
1152 2086 1254 2165 prout
1272 2079 1359 2145 etde

284 2201 319 2244 se
334 2179 438 2246 David
460 2177 584 2246 fatetur
609 2182 662 2246 Ps
687 2177 741 2260 50,
766 2179 798 2245 7.
821 2181 901 2245 Ecca
916 2185 1043 2246 enimin
1057 2182 1273 2268 iniquitatibus
1290 2205 1359 2248 eon·

284 2296 388 2371 ceptus
409 2306 492 2362 sum,
507 2290 585 2352 etin
601 2290 738 2373 peccatis
760 2289 897 2371 concepit
918 2306 964 2350 me
989 2296 1090 2351 mater
1110 2308 1188 2351 mea.
1213 2284 1360 2350 Proiecto

283 2387 459 2474 Apostolus
476 2395 546 2452 tum
561 2376 698 2476 positive
711 2396 784 2452 tum‘
796 2387 943 2472 negative
959 2409 1066 2453 omnes
1078 2389 1112 2455 in
1125 2410 1162 2454 ea
1179 2389 1359 2454 conditione

286 2476 529 2576 comprehendit
553 2489 641 2555 'Adae
657 2498 815 2577 posteros,
833 2490 900 2557 sive
916 2511 990 2554 cum
1013 2492 1105 2556 Rom.
1124 2491 1155 2570 3,
1173 2491 1218 2557 23
1236 2491 1356 2557 scribit:

289 2591 401 2659 Orneus
416 2603 638 2678 peccauerunt,
661 2605 689 2656 et
711 2605 797 2678 eperat
816 2594 921 2678 gloria
944 2593 1004 2659 Dei
1012 2616 1028 2668 ,·
1052 2601 1084 2658 et
1111 2594 1233 2659 clarius
1256 2595 1356 2660 adhue

286 2693 366 2759 ibid.
385 2692 417 2773 5,
431 2693 484 2759 12.
502 2694 592 2760 Sicut
600 2717 660 2782 per
675 2718 773 2760 uuum
787 2695 936 2760 homiuem
946 2707 1108 2783 peccatum
1123 2702 1158 2762 iu
1176 2698 1259 2763 dunc
1272 2719 1353 2763 mun·

287 2799 360 2862 dum
375 2802 521 2875 intravit,
538 2809 567 2862 et
577 2819 636 2885 per
647 2810 811 2885 peccatum
827 2819 922 2875 mors,
945 2810 973 2862 et
993 2804 1039 2863 ita
1062 2805 1096 2864 in
1111 2821 1212 2865 omnes
1228 2801 1353 2864 homines

285 2921 368 2965 mors
379 2905 578 2987 pertransiit,
592 2906 626 2966 in
642 2923 701 2987 quo
717 2923 818 2966 omues
828 2902 1046 2989 peceaverunt.
1077 2902 1262 2967 Generatim
1284 2919 1350 2970 vcro

285 3002 478 3090 pronunciat
492 3002 610 3090 Ephes.
638 3003 671 3082 2,
689 3003 720 3068 3.
745 3005 881 3069 Eremos
907 3014 1026 3069 natura
1052 3005 1112 3091 filii
1132 3009 1213 3082 irae,
1236 3009 1314 3071 sicut
1328 3012 1350 3067 et

287 3111 388 3171 ceteri.
1221 3124 1225 3133 “

374 3209 555 3296 Utrumque
578 3217 686 3276 autem
701 3211 786 3275 idem
809 3208 981 3298 Apostolus
1001 3203 1236 3295 complectitur,
1248 3208 1349 3277 videli-

285 3318 336 3376 cet
362 3313 486 3399 peccati
510 3314 693 3400 contagium
726 3314 1012 3400 necessitatemque
1035 3313 1264 3400 redemptionis
1286 3331 1349 3378 cun

284 3415 378 3479 Rom.
391 3411 423 3494 5,
437 3413 480 3480 18
504 3415 627 3481 scribit:
652 3417 741 3483 Sicut
750 3439 810 3506 per
824 3421 918 3482 unius
935 3417 1077 3480 delictum
1091 3401 1137 3481 in¹
1147 3438 1248 3482 omues
1264 3415 1349 3481 domi·

284 3538 337 3583 nes
358 3522 392 3582 in
413 3516 709 3598 condemnationem,
722 3525 766 3586 sie
788 3533 816 3584 et
833 3542 893 3608 per
914 3525 1008 3584 unius
1029 3523 1180 3584 iustitium
1193 3525 1238 3585 ‘in
1259 3537 1350 3584 omnes

285 3620 418 3686 domines
430 3626 465 3687 in
478 3627 725 3712 iustificationem
738 3629 833 3689 citae:
853 3627 934 3688 sieut
955 3628 1034 3688 enim
1052 3645 1111 3709 per
1126 3622 1351 3689 inobedientiam

284 3728 379 3789 unius
390 3723 531 3804 laminis,
538 3739 716 3814 peccatores
727 3731 886 3792 constituti
898 3737 971 3791 sunt
982 3728 1074 3791 multi
1073 3747 1088 3800 ;
1100 3731 1147 3790 ita
1159 3737 1188 3790 et
1194 3748 1254 3813 per
1265 3730 1350 3791 uniet

285 3825 496 3906 amdatnomm,
509 3834 586 3894 iusti
599 3835 823 3895 constituentur
836 3829 937 3894 multi.
953 3829 1033 3893 Item
1052 3829 1078 3907 Ι,
1095 3827 1167 3894 Cor.
1177 3824 1232 3906 15,
1244 3828 1300 3894 22.
1317 3824 1351 3890 nt

286 3933 366 3994 sicut
379 3934 412 3995 in
427 3929 529 3995 Adam
543 3954 644 3996 omnes
658 3936 850 4008 moriuntur,
864 3936 911 3995 ita
926 3943 955 3996 et
967 3935 1001 3996 in
1021 3929 1140 3996 Christo
1164 3952 1266 3996 omnes
1282 3931 1352 3996 oroi·

217 4100 220 4103 ,
287 4031 480 4118 ficabuntum·
491 4054 527 4098 ac
543 4033 671 4121 demum
682 4035 714 4099 ll
726 4033 799 4100 Gor.
809 4030 841 4112 5,
855 4030 909 4112 ld,
922 4031 976 4098 15.
993 4033 1148 4110 Quoniam
1162 4039 1191 4099 si
1205 4057 1288 4113 unus
1298 4051 1352 4123 pro

287 4135 426 4200 amadus
440 4148 581 4202 mortuus
596 4149 652 4214 est,
667 4160 738 4225 ergo
754 4160 855 4207 omues
869 4142 987 4205 mortui
999 4149 1087 4214 suut;
1103 4148 1130 4203 et
1142 4159 1204 4229 pro
1220 4128 1352 4204 omnihus

287 4238 427 4304 mortuui
443 4250 485 4304 est
503 4237 651 4306 Christus.
