2828 4904
754 331 940 403 -tae-

305 451 373 519 vini
385 450 528 517 numinis
539 447 808 524 consiliolaetum
819 452 853 519 id
865 449 1118 519 existimandum
1128 460 1192 534 est,
1204 461 1246 520 ut
1257 452 1394 543 plurim

306 555 434 625 nonnisi
450 555 589 643 implexe
601 562 698 645 atque
710 555 928 623 adumbratim
936 557 970 622 in
977 556 1076 624 verbo
1088 557 1250 625 divinitus
1259 559 1396 629 revelate

307 661 508 730 delitescant:
529 662 738 728 ninimirum
760 661 869 729 fideles
885 661 961 729 inde
976 664 1080 750 magis
1101 665 1336 730 necessitatem
1356 666 1393 732 ti·

304 767 338 834 ri
355 788 393 833 ac
408 765 594 833 inerrabilis
607 767 789 853 magisterii
803 767 968 834 Ecclesiae
985 767 1153 847 sentirent,
1171 775 1275 854 atque
1293 767 1336 834 ab
1351 789 1392 849 ca,

306 872 358 938 uti
378 870 438 937 filii
458 893 476 936 a
496 871 609 938 matris
631 871 791 937 uberibus
811 871 986 959 pendentes
1005 870 1167 938 discerent
1182 873 1400 961 purissimum·

207 987 210 993 ’
306 975 355 1042 lac
377 974 599 1042 doctrinarum
615 994 786 1063 exsugere.

305 1106 309 1117 ·
325 1102 332 1118 ³
396 1083 483 1148 Dum
506 1101 720 1148 veretrorum
736 1081 935 1148 revelationis
951 1079 1169 1167 dogmaticum
1192 1079 1237 1147 ab
1261 1103 1330 1146 nne
1346 1082 1396 1147 Ec·

307 1183 407 1252 clesia
430 1184 587 1252 catholica
605 1183 830 1272 accipiendum
845 1185 1001 1266 dicimus,
1024 1185 1060 1251 id
1076 1184 1116 1251 de
1130 1185 1193 1252 Dei
1217 1185 1323 1254 verbo
1339 1193 1395 1251 tan

307 1291 430 1380 scripto
452 1310 552 1378 quem
567 1288 687 1355 tradito
709 1289 954 1378 intelligendum
969 1312 1055 1370 esse,
1072 1310 1165 1356 nemo
1187 1298 1241 1357 est
1264 1291 1326 1378 qui
1347 1311 1393 1355 ne·

307 1394 402 1462 sciat:
425 1391 688 1481 quandoquidem
724 1415 788 1459 nou
804 1395 904 1460 unius
928 1400 1053 1458 tantum
1070 1392 1278 1481 Scripturas,
1296 1391 1354 1458 ssd
1366 1414 1394 1459 e·

306 1498 387 1565 tiam
402 1497 586 1563 traditionis
614 1518 718 1584 aequo
733 1497 807 1563 iure
822 1497 965 1583 legitima
981 1504 1091 1562 custos
1106 1495 1257 1562 Ecclesia
1272 1503 1341 1575 est,
1354 1501 1393 1562 at·

306 1622 373 1692 qne
395 1600 579 1666 inerrabilis
594 1601 755 1689 interpres
769 1597 824 1688 (l).
846 1601 1039 1688 Saepissime
1060 1620 1159 1688 porro
1173 1598 1211 1664 fit
1235 1607 1275 1665 ut
1290 1612 1412 1667 monu'

305 1710 414 1768 menta
436 1725 576 1791 quorum
597 1703 745 1770 subsidio
767 1704 918 1791 cognosci
933 1703 1066 1770 traditio
1082 1702 1189 1782 debet,
1215 1708 1251 1767 et
1268 1703 1393 1769 Patron

307 1803 455 1896 ipsorum
487 1807 586 1873 effata>
614 1807 666 1874 vel
692 1806 783 1874 nullo
807 1815 901 1896 pacto
930 1807 1016 1872 inter
1038 1826 1073 1872 se
1107 1806 1325 1892 conveniant3
1352 1803 1391 1873 rel

309 1911 448 1979 obscura
465 1913 540 1994 sint,
558 1936 594 1980 ac
607 1914 797 1981 certitudini
814 1913 988 2002 pariendas
1003 1913 1155 2001 imparia3
1173 1919 1208 1978 et
1224 1933 1293 1978 non
1309 1909 1389 1979 semel

309 2018 481 2098 eiusmodi,
495 2028 534 2085 ut
549 2018 591 2084 iis
612 2019 770 2086 baeretici
785 2018 858 2085 dolo
874 2018 957 2085 malo
980 2018 1045 2084 sint
1068 2017 1108 2083 ad
1124 2016 1249 2105 placita
1274 2017 1388 2106 propria

237 2205 240 2212 Ι
309 2119 476 2203 firmanda,
489 2131 547 2188 aut
570 2144 646 2190 vero
674 2122 771 2188 etiam
802 2122 1015 2208 excogitanda
1037 2120 1144 2187 abusi.
1173 2121 1279 2201 Quod
1309 2119 1387 2211 pirri

308 2224 372 2293 bns
394 2226 563 2295 ostendere
582 2226 739 2315 exemplis
761 2246 902 2315 pronum
924 2232 1025 2306 esset,
1048 2224 1148 2314 idque
1171 2225 1259 2293 adeo
1287 2222 1380 2294 iecit

313 2562 373 2602 rens
392 2564 405 2599 a
427 2551 619 2615 quamplurimis
642 2552 776 2604 sanctitate
799 2556 826 2601 et
880 2551 1037 2623 scripturam
1051 2563 1147 2600 sacram
1166 2564 1218 2614 pro
1231 2551 1290 2616 ipsa
1302 2546 1391 2602 marli·

311 2633 426 2683 doctrina
438 2637 626 2697 praestantibus
637 2635 708 2702 airis,
717 2650 828 2700 quonam
883 2636 972 2685 tudine
983 2648 1033 2685 non
1043 2649 1096 2685 uno
1105 2635 1255 2700 eodemque
1264 2631 1388 2686 scatend-
1412 2636 1413 2640 ’

313 2723 392 2773 modo
415 2722 509 2786 possim
522 2728 590 2772 certa
600 2723 709 2786 quadam
719 2727 744 2773 et
756 2723 829 2786 quasi
883 2722 949 2772 versi
962 2720 1098 2784 accipiunt,
1118 2720 1162 2770 sed
1172 2721 1297 2774 eiusdem
1310 2715 1388 2784 eloqui

314 2806 426 2870 generali
436 2818 466 2855 ac
474 2806 585 2869 regulari
594 2808 633 2856 ria
646 2807 786 2856 catholicae
794 2806 827 2855 fl·
880 2807 954 2856 aliter
965 2809 1044 2868 atque
1060 2805 1143 2869 aliter,
1155 2805 1225 2855 alius
1246 2811 1329 2872 atque
1346 2804 1390 2856 alm

316 2888 357 2939 dei
381 2889 514 2940 veritatem
534 2890 566 2939 ab
578 2890 722 2940 haereticae
743 2892 828 2953 preri-
885 2890 1078 2954 interpretatum
1091 2895 1120 2939 ut
1131 2903 1199 2953 pene
1212 2897 1282 2955 quot
1293 2889 1389 2942 nemim
1408 2951 1414 2955 „

315 2974 374 3022 tatis
388 2971 496 3022 falsitate
509 2973 663 3037 discerncre,
686 2973 832 3024 huiusmodi
885 2979 944 3023 sunt
956 3006 965 3040 ,
975 2978 1014 3024 tot
1025 2974 1094 3024 illinc
1107 2977 1253 3026 sententiae
1263 2977 1323 3026 erui
1334 2984 1388 3039 peta

320 3069 420 3121 temper
431 3071 578 3122 responsum
597 3057 629 3107 ab
639 3057 755 3107 omnibus
775 3058 831 3108 iere
882 3058 1027 3109 rideantur.
1040 3057 1123 3110 Aliter
1139 3071 1254 3124 namque
1268 3061 1313 3111 ille
1324 3061 1388 3113 liert·
1413 3059 1414 3073 ¹

317 3145 404 3198 retuli:
416 3145 491 3209 Quod
510 3145 563 3196 sive
575 3160 622 3210 ego
634 3146 688 3196 sive
700 3145 757 3209 quis
770 3147 833 3196 alius
886 3145 979 3214 tianus,
992 3147 1065 3197 aliter
1080 3147 1218 3214 Photinus,
1231 3149 1311 3199 aliter
1322 3143 1388 3199 srte
1413 3157 1414 3161 ’

316 3229 396 3288 yellet
435 3229 614 3291 exurgentium
647 3229 834 3279 haereticorum
886 3225 1414 3293 lius...Atqueidcircomultumeem

320 3311 424 3364 fraudes
445 3314 658 3380 deprehendere,
679 3313 835 3377 laqueosque
887 3327 915 3364 se
933 3317 1095 3380 est7propter
1116 3308 1202 3366 tantos
1222 3321 1278 3366 tam
1296 3315 1388 3368 raritat-

317 3399 409 3464 rltare,
418 3403 444 3447 et
453 3399 478 3446 in
488 3397 538 3448 ilde
550 3412 608 3448 sana
622 3412 696 3448 sanus
706 3404 783 3463 atque
792 3400 833 3448 iu·
884 3399 951 3449 roris
961 3398 1091 3448 anfractus
1101 3431 1110 3465 ‚
1122 3403 1152 3448 ut
1163 3401 1335 3463 propheticae
1344 3403 1387 3451 eit·

306 3480 394 3546 ‘teger
407 3495 566 3550 permanere,
577 3484 670 3547 duplici
688 3485 765 3533 modo
777 3497 834 3532 mu·
887 3484 1026 3547 postolicae
1043 3483 1266 3548 interpretationis
1285 3485 1349 3535 linea
1361 3493 1387 3531 ta·

321 3567 379 3616 nire
389 3565 464 3626 iidem
478 3579 558 3632 suam,
568 3567 676 3618 Domino
686 3568 831 3632 adiuvante,
884 3567 997 3616 cundum
1009 3566 1208 3617 ecclesiasticiet
1221 3567 1343 3618 catholici
1352 3574 1389 3615 m·

306 3649 441 3699 'deberet
451 3649 537 3698 Primo
548 3651 661 3715 scilicet,
680 3651 779 3701 divinae
797 3651 835 3701 le·
887 3663 931 3700 tus
941 3663 1055 3701 normam
1067 3648 1193 3714 dirigatur
1207 3681 1238 3717 „·

323 3735 361 3796 qis
373 3735 596 3797 auctoritatatem
607 3734 697 3786 deinde
707 3735 836 3787 Ecclesiae
925 3731 961 3802 (i)
972 3734 1013 3785 te
1026 3749 1080 3786 rem
1095 3735 1161 3785 inter
1175 3742 1288 3786 'eeteros
1297 3728 1396 3793 Patavii,

324 3819 464 3869 catholicae
488 3821 633 3870 traditione.
662 3820 711 3869 llic
733 3819 840 3884 forsitan
892 3816 1248 3886 loeuthroteqomrno
1258 3819 1388 3884 capiet*

328 3903 442 3968 requirat
451 3903 541 3966 aliquis
555 3920 562 3968 3
575 3904 660 3968 Quum
672 3903 839 3968 sitperfectus
893 3905 976 3955 stituit
985 3905 1120 3967 utriusque
1132 3902 1213 3953 divini
1226 3905 1314 3971 serbi,
1331 3890 1391 3963 aar*

325 3986 516 4052 Scripturarum
528 4002 620 4054 canon,
632 3987 731 4053 sibique
741 3987 772 4037 ad
782 4003 837 4039 om·
889 4002 919 4038 ac
928 3987 1026 4055 traditi,
1033 3988 1392 4052 nectestrminterpretemen

325 4073 368 4120 nia
377 4073 437 4123 satis
447 4087 574 4136 superque
583 4072 699 4138 sufficiat,
708 4073 838 4136 quidepns
890 4071 1139 4123 Cl.etiamldoebter
1149 4065 1329 4142 symbolique
1338 4070 1397 4129 cin·

327 4157 439 4207 estutei
457 4157 642 4207 ecclesiasticae
661 4157 842 4218 intelligentiae
895 4150 1036 4224 v1.§39.
1337 4183 1341 4191 ·

329 4242 451 4305 iungatur
475 4237 623 4293 auctoritati
645 4241 710 4304 Qut·
726 4240 843 4293 rttdtect
