2828 4904
445 346 567 415 -att
586 381 629 397 -

179 509 181 512 ·
265 488 346 536 ment.
360 479 388 532 in
403 480 520 532 psalmos
532 479 581 530 suh
593 474 740 542 llieronymi
754 474 880 526 nomine·
891 476 917 526 S.
931 474 987 526 l'ule

263 564 366 631 gentius
375 591 385 601 -
395 566 421 616 S.
434 562 589 614 Paschasius
606 558 744 612 iiatbertus
753 586 765 597 -
776 562 802 609 S.
821 561 987 610 Gertuanus·

264 651 290 700 S.
305 649 415 700 loannes
432 639 776 705 damascenus-Scriptores
796 652 867 691 saec.
882 640 988 691 iil-So-

259 727 385 794 pirronius
398 738 445 778 seu
461 731 535 776 vetus
552 727 643 774 auctor
657 733 727 773 saec.
740 724 787 772 ill·
798 723 823 772 S.
835 723 926 772 Petrus
939 722 987 771 ila-

261 809 343 862 minni
353 837 365 848 -
376 811 401 860 S.
424 807 560 858 anselmus
573 801 777 856 cantuariensis·
788 805 814 854 S.
828 805 923 854 Brund.

96 898 204 947 'iill-
215 895 285 956 Quae
303 905 318 942 e
337 902 424 942 sacnts
441 898 567 940 utronous
585 896 632 936 ruo
646 895 810 937 tuuaoumrt
829 898 852 935 n.
876 896 990 936 vruotms

264 981 439 1024 couceermue
458 978 624 1020 annucuurun
634 1002 990 1016 .........

231 1051 405 1116 liturginmm
426 1045 714 1110 auctoritas-liturgia
742 1044 847 1097 iacobi·
860 1043 991 1096 Institutio

262 1131 322 1184 iesti
335 1129 363 1181 iu
381 1140 451 1181 saec.
467 1125 607 1179 V·secuiis
619 1125 818 1190 insequentibus
837 1123 990 1176 continuata

263 1211 323 1265 iesti
335 1208 580 1274 celebratio·apud
592 1210 706 1259 Graecos
723 1207 834 1270 quadam
849 1219 907 1257 cum
923 1206 991 1258 solc-

262 1293 372 1346 mnitatc
383 1287 784 1347 celebratum-restieeieoratio
795 1287 822 1339 in
832 1287 973 1341 decidente
987 1315 995 1325 ·

267 1379 294 1428 in
311 1373 435 1439 Hispania
451 1378 479 1424 et
495 1371 522 1424 iu
541 1370 642 1435 dagila.

96 1461 253 1516 filiii-iic
269 1469 406 1510 comesne
425 1467 503 1506 seusu
521 1465 597 1506 cruca
613 1462 799 1505 illliiciitiwll
822 1466 845 1503 u.
861 1465 889 1502 u.
911 1465 992 1504 vinor-

265 1553 307 1592 ms
325 1548 477 1590 concumuu
509 1570 992 1588 ............

234 1618 305 1671 Unde
316 1616 454 1680 colligatur
466 1611 599 1665 Ecclesiae
611 1622 704 1663 sensus
714 1609 786 1664 eirca
795 1610 993 1663 immaculatam

270 1693 533 1759 conceptionem-Ex
549 1690 682 1744 Ecclesiae
693 1690 901 1755 pastoribus-Ex
913 1689 996 1742 tideli-

232 1797 233 1801 ¹
272 1775 403 1837 bus-‚ilius
414 1773 639 1838 antiquitas-Qua
655 1771 758 1824 ratione
775 1783 805 1823 se
818 1770 973 1836 prodiderit.

96 1866 176 1916 iiiiV.
188 1890 221 1901 -
230 1864 386 1913 ducentum
400 1867 572 1917 cccccccccc,
584 1867 650 1914 oute
664 1866 680 1904 a
692 1867 750 1905 etin
765 1866 923 1906 sunuuurtte
934 1865 995 1905 ruo·

180 1993 184 2000 .
268 1952 457 1995 ruouaromous
475 1950 655 1991 rnorcnuurun
685 1975 996 1990 ........

236 2025 279 2077 vis
297 2020 444 2087 argumenti
461 2017 758 2085 congruentiae-Prima
770 2017 837 2070 ratio
851 2031 882 2070 ex
900 2019 994 2071 decen·

269 2106 320 2160 tia·
335 2107 369 2156 iix
387 2101 524 2168 multipiici
545 2101 675 2154 relatione
688 2104 716 2154 B.
735 2101 848 2166 Virginis
866 2114 926 2154 cum
944 2102 995 2153 sin·

1051 1944 1080 1988 ii

267 2183 995 2254 guitoni-intratispersonis-cumdetritio-compatre
1058 2222 1060 2227 «

264 2278 292 2323 et
303 2269 397 2335 spiritu
409 2271 483 2322 sellu
493 2267 549 2320 cius
558 2267 762 2332 desponsatione
772 2280 831 2319 cum
842 2269 938 2334 Spiritu
951 2273 991 2322 S.-

258 2353 303 2427 ,El
319 2349 452 2404 eonnuitio
468 2347 545 2403 veriti
563 2361 622 2402 cum
639 2353 667 2401 B.
685 2348 810 2414 virgine·
821 2352 857 2402 En
873 2363 906 2402 eo
924 2353 995 2415 quod

267 2433 335 2485 taeta
344 2430 377 2483 sit
386 2433 465 2483 linter
477 2430 595 2483 omnium
604 2429 748 2484 viventium
761 2455 772 2469 ·
784 2432 820 2484 Ex
836 2430 923 2484 divina
937 2431 994 2485 eius

266 2513 439 2566 maternitate.

96 2605 170 2655 liiii.
184 2599 315 2650 -iiom'u
333 2608 398 2655 oute
416 2607 546 2657 urutuouu
564 2606 658 2648 acutri
675 2607 738 2649 suur
757 2609 882 2650 uetcctsts
906 2637 912 2651 .
950 2638 956 2649 .
993 2638 999 2650 .

183 2687 186 2692 ·
238 2681 455 2742 trgumeutorum
472 2677 588 2729 collatio.

103 2770 122 2816 i.
158 2790 189 2801 —-
210 2762 378 2825 Arpomento'
396 2759 497 2810 idolico
512 2771 565 2821 pro
582 2762 701 2822 atraque
722 2763 862 2813 cententio
893 2775 997 2825 cepen-

272 2839 378 2889 doaiur
397 2870 997 2892 ...............
1092 2880 1099 2893 .

239 2919 311 2971 iiuiia
327 2916 375 2982 pio
398 2921 506 2979 utraque
523 2918 655 2969 sententia
672 2918 821 2984 decretoria
852 2919 996 2973 Bibliorum

270 2993 485 3050 testimonia-Vis
497 2994 619 3047 adimitur
633 2995 744 3048 textibus
758 2996 863 3050 bibliois
876 3011 925 3062 pro
937 3013 999 3052 eon·

271 3079 352 3132 traria
370 3074 503 3129 sententia
511 3104 523 3114 -
532 3079 568 3128 lix
584 3077 702 3130 concilio
714 3078 859 3131 tridentino
872 3085 899 3131 et
911 3083 997 3145 ponti·

273 3157 340 3210 liciis
348 3155 773 3210 constitutionibus·Excluduntur
782 3162 999 3222 quaeeueeessi·

272 3247 326 3293 tate
335 3237 525 3303 redemptionis
535 3241 800 3304 promuntur-Duplex
808 3240 999 3306 redemptionis
1057 3237 1059 3243 '

273 3322 395 3375 ratio-B.
412 3321 491 3386 virgo
510 3334 542 3373 ex
554 3333 583 3373 se
596 3322 707 3374 obnoxia
727 3328 835 3387 peceato
854 3322 976 3388 originali
987 3353 999 3364 -

175 3391 179 3400 ’
276 3405 350 3457 iluiia
367 3402 521 3456 testimonia
536 3401 634 3454 biblica
648 3403 795 3456 decretoria
813 3405 846 3456 ad
861 3406 995 3458 adstruen·
1045 3439 1047 3443 -

276 3488 337 3539 dum
348 3485 462 3550 Virginis
472 3484 730 3551 privilegium-satis
742 3487 845 3538 tirmum
862 3500 998 3552 argumen-

277 3575 332 3620 tum
350 3567 449 3620 emitur
471 3580 502 3620 ex
519 3570 613 3620 denes.
628 3570 669 3631 iil,
684 3574 746 3622 tt·
760 3569 1000 3623 detenditur-tiou-

277 3649 568 3704 firmatur-conclusio.

105 3739 133 3787 il.
165 3761 196 3772 -
231 3735 348 3785 Petrum
365 3735 446 3793 atoue
464 3735 632 3795 scriptorum
655 3737 903 3788 ecelesiasticorum
928 3738 1001 3788 terti·

278 3813 373 3862 mirato
392 3825 460 3873 quoe
483 3815 615 3866 alterutri
626 3818 729 3877 placito
745 3820 841 3880 sonere
863 3816 1015 3882 videntem„
1099 3854 1102 3859 »

259 3893 463 3954 ‘conteruntur
478 3894 559 3945 rinnai
581 3896 661 3958 atoue
680 3896 875 3959 expenduntur
911 3934 918 3946 .
954 3934 960 3946 .
1002 3935 1008 3948 .

154 3986 155 3989 ¹
247 3969 427 4035 expenduntur
436 3970 586 4027 testimonia
604 3977 708 4028 Patmm
719 3988 767 4041 pro
779 3975 888 4027 adversa
899 3981 1003 4028 senteu-

258 4082 262 4087 -
278 4046 451 4101 tia-illiditur
468 4049 572 4106 iilomm
583 4052 622 4107 vis
632 4058 739 4108 -latres
755 4053 841 4107 lavent
861 4059 888 4107 B.
901 4055 1001 4120 virgini

279 4134 338 4193 post
349 4129 539 4192 snugmtinum
548 4160 558 4174 ·
567 4133 685 4199 Plerique
692 4136 806 4187 Patrese
817 4133 1003 4187 uetustioribus

233 4254 236 4276 ,
279 4210 359 4266 etiem
371 4217 459 4272 latent
471 4216 583 4279 latres,
594 4215 638 4282 oui
648 4213 917 4277 accommodentur,
928 4217 1000 4270 dicte
