2828 4904
745 330 928 399 -168-

83 458 251 513 economus
388 427 520 526 Quibus
541 448 714 534 praelectis
736 449 968 527 fundamentis,
985 449 1032 513 sic
1057 450 1237 567 pergimus.
1259 451 1372 517 Eodem

88 531 240 655 wlff
303 553 410 617 suut
401 574 435 616 ru
457 552 528 617 loco
549 551 769 638 conceptioB
787 554 932 638 Virginis
954 561 986 617 et
1008 562 1120 631 ortus,
1147 553 1177 617 si
1198 552 1373 619 Biblioron

78 669 250 733 conceptionis
302 676 339 721 ac
362 656 542 744 primaevae
567 656 748 720 traditionis
771 658 855 721 ratio
884 656 1085 734 habeatur,
1076 677 1174 722 immo
1197 679 1279 723 vero
1301 658 1406 723 sict

73 741 249 875 *ἑᾞίῗὲξ
301 759 371 846 ipsa
398 760 572 846 utriusque
604 757 678 824 iesti
709 767 874 845 spectetur
902 761 1087 825 institutiot
1117 758 1370 847 quandoquidem

301 865 404 951 prima
427 865 601 951 utriusque
630 865 802 948 vestigia
794 886 827 928 m
852 864 961 929 seculo
982 863 1147 929 Ecclesiae
1173 865 1222 942 V,
1252 873 1311 930 aut
1335 866 1367 929 Vl

301 967 533 1053 reperiuntur,
557 968 585 1032 si
618 966 660 1032 iis
687 989 770 1054 quae
797 968 831 1031 in
861 966 1125 1032 sacramentariis
1147 967 1323 1033 Gelasiano
1344 975 1366 1032 ct

301 1070 500 1156 Gregoriano
522 1068 721 1149 reseruntur,
744 1069 838 1135 fidem
861 1070 1078 1155 adiungimus.
1105 1070 1209 1136 Seeus
1237 1072 1365 1136 enimin
1395 1092 1406 1153 ι]

301 1174 454 1241 seriorem
476 1173 690 1261 protrahenda
713 1183 798 1240 essct
820 1181 956 1239 aetatem
979 1173 1156 1239 celebratio
1176 1174 1363 1240 Natiuitatis
1393 1184 1405 1245 ‚i

300 1281 345 1342 st
366 1285 436 1342 esto
458 1285 496 1342 ut
515 1277 644 1342 saeculo
663 1279 691 1342 V
714 1278 764 1344 vel
788 1278 832 1342 Vl
855 1278 1012 1342 celebrari
1035 1276 1094 1342 hoe
1118 1276 1242 1342 festum
1266 1278 1301 1343 in
1320 1279 1366 1342 Ee
1400 1288 1406 1334 ἓ

301 1379 398 1446 clesiu
422 1378 522 1446 fuerit
545 1389 704 1468 coeptum.
729 1382 817 1460 Quid
840 1376 943 1446 inde?
967 1383 1086 1446 Ratnm
1112 1401 1245 1467 semper
1267 1378 1366 1445 lixum·

300 1505 366 1571 que
387 1505 428 1550 ex
451 1483 600 1551 adductis
616 1487 829 1550 monumentis
845 1484 997 1562 manebit,
1014 1483 1247 1570 Conceptionis
1264 1482 1395 1553 lectura„

301 1588 492 1675 aliquandiu
514 1598 588 1655 ante
607 1591 794 1656 Natiuitatis
818 1590 1061 1655 sollemnitatem
1082 1589 1280 1654 institutum
1302 1587 1369 1653 luis·
1401 1624 1406 1643 ι

210 1694 214 1699 ”
301 1713 343 1760 se.
360 1689 420 1780 (l);
449 1692 524 1758 lieet
546 1715 608 1759 non
635 1693 788 1758 continuo
812 1702 883 1780 post
906 1694 977 1757 eius
1001 1692 1246 1757 institutionem
1268 1693 1305 1759 in
1329 1684 1406 1759 oe'l

299 1792 436 1861 sidentis
448 1793 721 1884 Ecclesiisflfuerit
741 1795 910 1861 adscitum.
928 1797 1029 1861 Porro
1045 1804 1115 1859 tum
1129 1816 1156 1859 s.
1176 1794 1368 1873 Bernerdms

299 1904 369 1962 tum
387 1919 412 1961 s.
427 1898 580 1978 Thomas,
602 1921 698 1986 quem
714 1899 829 1965 ducem
852 1906 956 1964 totum
976 1898 1251 1965 scholasticorum
1273 1908 1395 1986 aumas·

297 2002 458 2088 sequitur,
472 2003 673 2068 sanctitatem
681 2003 847 2067 Marianae
860 2003 1038 2068 nativitatis
1050 2022 1124 2067 cum
1133 2001 1222 2067 iesta
1235 2002 1369 2069 eiusde·

296 2103 413 2170 natulis
435 2103 651 2171 celebratione
667 2105 701 2170 in
717 2107 869 2171 universa
884 2106 1030 2173 Ecclesia
1044 2105 1177 2172 vinculo
1199 2107 1256 2172 ite
1279 2127 1368 2173 nucu

297 2208 384 2274 sario
394 2216 552 2297 arctoque
568 2215 778 2288 connectunt,
796 2217 832 2274 ut
849 2232 890 2274 ex
912 2209 971 2274 hac
988 2209 1027 2277 ad
1043 2209 1131 2274 illem
1150 2203 1364 2298 tamquamel

297 2333 429 2379 causam
450 2314 634 2381 ascendant.
651 2315 734 2381 Nem
750 2312 809 2378 hoc
837 2313 921 2381 firmi
935 2314 1078 2400 'stetique
1101 2312 1191 2400 apud
1218 2315 1358 2405 ipsosne

99 2445 248 2496 totoouoo
297 2411 347 2498 lut
371 2416 583 2484 theoremetos
607 2417 677 2483 loeo
693 2413 775 2483 fuit:
792 2416 938 2483 Ecclesia
952 2416 1139 2484 Natiuitatis
1156 2412 1362 2505 Deipereele

70 2516 249 2636 firme&
298 2530 385 2587 stum
407 2521 574 2607 celebrat3
598 2541 676 2609 ergo
699 2529 808 2587 sancta
831 2521 896 2588 luit
918 2522 1052 2607 Virgo
1043 2544 1076 2585 ιιι
1099 2542 1160 2588 sua
1184 2525 1367 2597 nativitus,
1402 2584 1406 2591 .

70 2653 129 2705 50,st
150 2655 250 2706 Napi.
293 2642 357 2690 seu
391 2626 542 2691 nativitas
565 2626 638 2691 eius
669 2633 778 2690 sancta
801 2634 872 2703 est,
896 2632 994 2714 atque
1018 2624 1139 2690 adeo
1129 2647 1206 2712 ipsu
1232 2627 1270 2695 in
1292 2634 1406 2723 uteros

70 2726 250 2778 iatronicen·
299 2724 412 2792 saltem
434 2724 499 2792 fuit
527 2725 735 2796 sanctificate.
764 2729 832 2801 lloc
856 2736 964 2794 autem
987 2728 1151 2797 theorema
1180 2730 1299 2797 seculo
1322 2728 1368 2819 lie·

71 2795 139 2846 “⁰⁰⁰
298 2828 416 2897 elesiae
439 2831 467 2895 V
484 2839 541 2898 aut
556 2830 653 2900 etiam
674 2831 719 2895 vl
735 2831 916 2919 praedicari
932 2852 968 2896 ac
984 2826 1144 2900 vindicari
1159 2854 1228 2899 non
1243 2838 1406 2929 poterats¹

298 2934 439 3001 nondum
462 2932 545 3002 iesto
567 2934 754 3005 Nativitatis
777 2934 942 3003 instituto:
967 2935 995 3000 si
1023 2935 1099 3022 quis
1120 2936 1211 3002 enim
1234 2938 1368 3026 privetu

296 3036 390 3102 homo
412 3037 542 3125 per‘illa
559 3036 689 3103 saecule
705 3037 893 3102 sententiam
916 3034 956 3101 de
976 3037 1123 3122 Virginei
1146 3046 1246 3104 ortus
1265 3034 1367 3104 sancti·

298 3147 363 3203 tate
386 3161 591 3228 propugnare
609 3138 774 3218 voluisset,
790 3160 894 3226 aequo
911 3146 999 3204 certe
1016 3140 1101 3219 iure,
1117 3140 1176 3231 qui
1194 3152 1292 3235 secus
1309 3160 1365 3206 seu

298 3241 429 3320 sissent,
446 3242 501 3307 illa
517 3242 626 3309 eadem
642 3264 683 3309 ex
699 3241 815 3310 Bibliis
832 3249 863 3306 et
880 3263 920 3309 ex
936 3240 1089 3307 Patribus
1108 3239 1256 3326 obiicere
1278 3245 1308 3310 ei
1321 3263 1365 3331 po

297 3343 445 3423 tuissent,
465 3367 548 3432 quae
565 3344 767 3412 adversus
737 3366 821 3432 pram
837 3345 876 3425 de
898 3345 1102 3411 immaculato
1119 3345 1288 3437 Conceptu
1308 3367 1363 3412 seu·

295 3447 427 3512 tentiam
439 3450 633 3534 posteriores
647 3448 795 3516 obiecere
812 3448 996 3534 scriptores,
1009 3453 1068 3513 Ast
1083 3449 1299 3517 sollemnitate
1313 3451 1362 3516 lle·
1401 3482 1406 3525 t

296 3551 432 3619 tivitatis
450 3553 546 3618 semel
560 3575 619 3640 per
635 3553 819 3620 universam
831 3552 1008 3618 Ecclesiam
1023 3553 1198 3635 instituta,
1205 3578 1270 3623 non
1285 3551 1361 3622 modo
1398 3532 1406 3603 l

296 3655 444 3743 quaestio
468 3656 627 3743 dirempta
653 3654 756 3721 omnis
783 3664 854 3734 est,
882 3655 938 3724 sed
967 3657 1112 3723 unanimi
1138 3679 1279 3746 prorsus
1304 3678 1395 3725 eon
1392 3626 1406 3687 l

299 3781 395 3838 sensu
419 3781 528 3828 omncs
550 3761 746 3829 sunctumB.
764 3759 909 3846 Virginis
932 3769 1042 3830 ortum
1064 3761 1402 3853 proclamarem
1326 3729 1406 3827 at·

1385 3892 1406 3938 'ea

334 4006 611 4077 (llExiisquaesuprn
621 4011 707 4061 critico
717 4015 804 4065 notata
856 4016 940 4061 menta
963 4026 1009 4075 pro
1024 4011 1088 4063 leste
1102 4012 1284 4079 conceptionis
1302 4015 1354 4070 uuit·
1389 3988 1406 4025 ἶ

294 4095 377 4161 lucre,
389 4110 433 4158 per
443 4097 551 4146 solidum
560 4096 632 4158 plane
641 4096 753 4146 seculum
766 4102 804 4144 at·
856 4096 925 4147 riore
937 4097 975 4149 le
971 4089 1004 4150 to
1020 4098 1176 4153 Natiuitatis.
1384 4060 1406 4108 ¹

290 4191 340 4241 que
367 4179 433 4234 ultre
464 4180 691 4247 deprehenduntur
709 4192 805 4251 1ιιιοιιιι-
1383 4100 1406 4285 l:
