2828 4904
299 431 443 518 produco
460 448 665 507 consuevere,
690 451 708 494 a
736 428 864 495 biblicis
891 430 1083 524 testimoniis
1105 430 1236 494 initium
1261 430 1376 498 lacien-

255 574 258 578 ι
301 536 379 601 dum
395 535 489 601 duco.
1408 520 1410 549 ³

99 669 247 735 puppxbr.
388 639 491 704 Porro
513 659 596 724 quae
613 636 653 701 ab
669 636 947 724 oppugnatoribus
970 637 1043 723 piae
1066 637 1244 704 sententiae
1260 637 1375 703 escri-

71 742 141 822 ntra
154 740 247 791 testim.
299 741 408 828 pluris
435 739 627 806 dmumenta
659 740 770 805 afferri
798 739 911 818 solent,
939 738 1091 804 bifariam
1117 739 1372 824 distinguuntur,

65 813 249 941 pppssrgirpppi}
300 852 371 910 tum
386 845 510 911 scilicet
525 846 559 910 in
574 866 624 924 ea,
641 845 764 933 quibus
782 844 907 931 peceati
929 843 1096 928 originalis
1119 844 1314 937 propagatio
1328 843 1372 908 ad

72 950 240 1013 privilegium.
300 946 449 1013 firmatur
463 948 497 1012 in
513 953 629 1014 omum
645 967 779 1034 prorsus
795 946 884 1011 Adae
900 952 1056 1031 posteros,
1074 952 1145 1009 tum
1159 945 1193 1008 in
1210 966 1261 1024 ee,
1287 947 1372 1032 queis

299 1053 528 1140 redemptionis
554 1053 732 1119 necessitas
756 1051 863 1138 queem
885 1072 993 1118 omnes
1020 1054 1143 1139 pariter
1170 1061 1204 1118 et
1232 1052 1370 1138 singulm

298 1178 359 1245 per
374 1156 496 1224 Christi
519 1157 636 1223 merita
652 1157 820 1220 asseritur.

227 1283 230 1285 ’
301 1289 304 1293 ’
388 1259 457 1327 lam
465 1261 721 1327 vernantissima
738 1267 814 1324 sunt
825 1260 1100 1346 omniumquetorc
1112 1260 1190 1326 'trite
1201 1259 1382 1346 utriusque

300 1363 413 1428 elassis
429 1363 538 1428 divim
554 1362 694 1449 eloquia.
711 1366 759 1428 Ae
770 1363 876 1448 primo
891 1362 1024 1448 quidem
1038 1363 1208 1447 originalis
1225 1382 1333 1428 noxae
1345 1363 1374 1427 in

298 1486 408 1531 omnes
439 1465 575 1552 prorsus
597 1465 687 1531 Adae
713 1465 796 1529 lilios
819 1466 1080 1551 propagationem
1102 1465 1264 1531 evincunt.
1280 1465 1373 1532 verbs

270 1633 273 1638 ,
300 1566 360 1633 lob
381 1566 435 1647 ld,
460 1566 492 1637 d.
525 1568 603 1657 (lois
618 1581 720 1657 potest
736 1569 837 1652 facere
862 1569 1072 1633 mundamsde
1098 1568 1259 1634 immundo
1280 1591 1376 1636 eones·

293 1683 387 1760 ptum
410 1672 539 1738 senene?
561 1672 672 1739 Nonne
693 1684 728 1737 tu
749 1677 806 1758 qui
822 1673 907 1736 sotus
923 1671 971 1736 es?
995 1671 1060 1738 seu
1082 1671 1175 1736 iuxta
1199 1670 1376 1737 alexandri
1408 1762 1410 1767 Ι

299 1795 373 1839 nam
395 1774 587 1841 versionem:
601 1775 697 1841 Nemo
711 1775 844 1840 mundus
861 1796 882 1838 a
903 1774 1005 1851 sorde,
1019 1796 1075 1839 nee
1088 1775 1213 1858 infans,
1224 1780 1319 1840 cuno
1338 1786 1374 1840 ut
1408 1770 1410 1781 '

300 1883 395 1943 unius
418 1879 479 1942 diei
498 1882 565 1944 cita
584 1880 820 1965 superterram.
848 1876 940 1953 Quae
957 1897 1031 1940 cum
1043 1875 1086 1940 de
1103 1883 1247 1962 utraque
1271 1897 1374 1943 conoe·

301 1981 411 2068 ptione
434 1981 501 2047 sive
523 1980 672 2045 inchoata
695 1982 762 2047 ¹sive
784 1977 928 2066 perlecta
950 1979 1089 2064 intelligi
1121 1979 1272 2066 possint,
1296 1984 1375 2067 patet

182 2127 189 2141 .
301 2083 460 2147 neminem
480 2083 612 2169 penitus
628 2105 646 2148 a
662 2082 789 2149 macula
811 2082 989 2167 originaria
1011 2083 1153 2161 excludi,
1170 2091 1275 2169 prout
1295 2081 1373 2148 etde

302 2207 336 2250 se
351 2185 456 2252 Darid
478 2182 601 2251 fatetur
627 2187 679 2251 es
705 2181 759 2264 50,
784 2183 815 2249 7.
839 2185 918 2249 Ecce
934 2189 1061 2250 enimin
1075 2186 1296 2271 iniquitatibus
1313 2207 1371 2250 eon

302 2302 406 2377 ceptus
427 2311 509 2367 cum,
525 2301 554 2354 et
568 2295 602 2356 in
619 2295 756 2378 peccatis
778 2293 915 2375 concepit
936 2310 982 2354 me
1007 2297 1108 2354 mater
1128 2311 1207 2354 mea.
1233 2287 1372 2354 Proiecto

302 2393 476 2479 Apostolus
493 2400 563 2457 tum
578 2381 716 2481 positive
727 2401 802 2457 tum·
814 2392 961 2477 negative
977 2413 1084 2458 omnes
1097 2393 1130 2458 in
1143 2413 1181 2457 ea
1199 2393 1371 2458 conditione
1401 2374 1405 2475 Ι

304 2483 546 2582 comprehendit
571 2495 659 2561 'Adae
675 2503 833 2581 posteros,
851 2495 918 2561 sive
935 2516 1008 2559 cum
1032 2496 1123 2560 Rom.
1143 2495 1174 2573 3,
1193 2495 1238 2561 23
1258 2494 1368 2561 scribit:
1400 2478 1410 2533 l

307 2598 418 2663 Onmes
435 2609 656 2685 peccaverunt,
679 2611 707 2662 et
730 2611 815 2683 egent
835 2599 940 2683 gloria
962 2597 1023 2663 Dei
1031 2620 1046 2672 ;
1070 2605 1103 2662 et
1130 2597 1255 2663 clarius
1279 2597 1365 2662 adbuc

304 2700 384 2765 ibid.
403 2698 435 2779 5,
449 2699 503 2765 12.
521 2701 610 2767 Sicut
619 2723 679 2789 ρον
694 2724 791 2766 uuum
806 2701 954 2765 bominem
964 2712 1128 2787 peccatum
1142 2706 1177 2765 iu
1196 2701 1280 2767 bunc
1290 2719 1365 2765 nun·
1396 2716 1398 2731 ¹

305 2806 379 2869 dum
394 2810 539 2882 intravit,
557 2816 585 2868 et
595 2826 655 2892 ρον
666 2817 830 2891 peccatum
845 2825 941 2879 mers,
964 2815 992 2867 et
1012 2808 1058 2867 ita
1081 2809 1115 2868 iu
1130 2825 1232 2869 omnes
1250 2805 1367 2868 bominac
1394 2838 1401 2845 -

304 2930 386 2973 mors
398 2912 597 2995 pertransiit,
611 2913 644 2973 iu
660 2930 719 2994 quo
736 2929 836 2972 omnes
847 2907 1065 2994 peccaverunt.
1096 2906 1283 2971 Generatim
1304 2921 1365 2971 vero

304 3011 497 3096 pronunciat
511 3010 628 3097 Ephes.
656 3010 689 3088 2,
707 3009 739 3074 3.
764 3011 900 3075 Eramus
926 3018 1045 3073 natura
1071 3010 1131 3095 filii
1151 3013 1233 3086 irae,
1258 3013 1365 3074 sicutet
1401 3014 1410 3043 '³

305 3119 407 3179 ceteri.
1243 3128 1246 3137 '

393 3218 574 3304 Utrumque
598 3224 705 3282 autem
720 3217 806 3281 idem
828 3215 1000 3302 Apostolus
1020 3208 1258 3300 complectitur,
1271 3210 1364 3280 videli-

304 3326 355 3383 cet
381 3322 505 3405 peceati
529 3322 711 3407 contagium
745 3320 1031 3404 necessitatemque
1054 3317 1285 3404 redemptionis
1307 3333 1364 3381 cun

303 3423 397 3504 Rom.
410 3419 442 3501 5,
456 3421 499 3488 18
523 3424 646 3488 scribit:
671 3424 760 3489 Sicut
769 3445 829 3512 ρον
843 3427 938 3487 unius
954 3422 1097 3485 delictam
1111 3405 1157 3484 ι’νν
1167 3442 1270 3486 οννονοον
1287 3419 1364 3485 bami-

303 3547 356 3592 nes
378 3530 411 3590 in
433 3525 727 3604 condemnationem,
741 3532 784 3592 aia
808 3525 835 3591 ct
852 3548 913 3614 per
933 3530 1027 3589 unius
1049 3527 1201 3588 iustitiam
1215 3529 1260 3589 ‘in
1282 3539 1365 3587 omues
1404 3536 1410 3561 -·

305 3629 437 3694 beminis
450 3635 485 3694 iu
498 3635 744 3719 iustificationcm
757 3635 852 3695 citae:
873 3633 953 3693 sicut
975 3634 1054 3693 ena'm
1071 3649 1130 3713 ρον
1146 3626 1384 3693 inobedientiam
1405 3676 1410 3685 .

304 3737 398 3797 unius
409 3732 552 3810 dominis,
558 3746 735 3821 peccatores
746 3737 906 3798 constituti
918 3743 991 3796 sunt
1002 3733 1094 3795 multi
1093 3751 1108 3805 ;
1121 3735 1167 3795 ita
1180 3741 1209 3794 et
1216 3753 1277 3816 per
1288 3733 1366 3795 uniet
1402 3760 1410 3809 .'

305 3834 515 3912 obeditionem,
529 3841 605 3901 iusti
618 3841 843 3902 constituentur
855 3835 957 3899 multi.
972 3834 1054 3898 Item
1072 3833 1097 3912 1,
1115 3831 1188 3898 Cor.
1198 3829 1255 3911 15,
1268 3832 1322 3899 22.
1337 3825 1368 3893 tit
1393 3830 1410 3891 ;’-”

306 3942 386 4001 sicut
399 3942 432 4002 iu
447 3936 549 4003 Adam
563 3961 664 4004 omues
677 3943 869 4015 moriuntur,
884 3941 930 4001 ita
946 3948 973 4000 et
987 3941 1021 4001 iu
1041 3933 1160 4000 Christo
1185 3956 1290 4001 omnes
1306 3934 1370 4001 ciri·
1399 4002 1410 4037 Ι

237 4109 240 4113 ,
307 4040 500 4127 probantum
511 4061 547 4105 ac
563 4040 691 4129 demum
703 4042 734 4106 11
746 4040 819 4107 Gor.
829 4036 861 4119 5,
875 4036 929 4118 llt,
942 4037 995 4104 15.
1013 4038 1168 4115 Quoniam
1183 4043 1212 4104 si
1226 4061 1312 4116 unus
1323 4054 1371 4126 pra
1401 4091 1407 4119 ,

308 4143 446 4208 amadus
460 4157 601 4210 mortuus
616 4157 672 4222 est,
688 4167 758 4232 erpo
775 4167 875 4213 omnes
889 4147 1007 4211 mortui
1019 4154 1106 4218 suut,·
1123 4153 1151 4208 et
1163 4164 1226 4234 ρνο
1242 4132 1371 4208 omnibus
1401 4142 1410 4249 ‘p

308 4247 447 4312 mortuui
463 4259 505 4313 est
523 4245 671 4315 Christus.
1404 4258 1408 4275 ¹
