2828 4904
476 304 670 376 -tot-

101 418 224 506 ‚cum
249 447 300 492 res
324 425 441 504 dubia,
462 434 499 490 ut
522 423 609 512 quod
635 424 743 490 minus
765 430 814 489 est
841 422 962 503 dicum,
987 426 1030 491 sit
1056 423 1110 491 ha·
1205 480 1208 486 .

94 532 145 610 la,
173 540 314 596 attamen
339 551 357 594 a
381 529 480 594 Paulo
497 528 631 594 diacono
655 529 765 593 saltem
786 527 969 594 abiudicari
984 529 1107 617 nequit.

96 657 137 701 ue
155 634 242 700 adeo
258 634 308 699 hic
325 636 461 723 hymnus
483 653 682 699 communem
705 632 794 698 illius
817 632 919 698 seculi
941 633 1028 699 circa
1053 633 1112 698 im·

96 741 226 805 nitatem
241 740 386 824 Virginei
403 739 584 826 Conceptus
600 758 728 803 sensum
744 738 777 802 in
792 737 936 804 Ecclesia
954 737 1112 824 vigentem

96 845 199 910 iacit.
218 844 341 909 Imitari
357 842 615 933 hymnographus
628 850 737 908 noster
751 841 964 908 Prudentium
980 840 1113 908 nobilis·
1199 838 1201 843 ’
1245 847 1248 856 “

96 970 148 1014 rm
169 947 292 1014 saeculi
315 948 359 1014 lv
381 955 506 1036 po‘e'tam
526 948 616 1012 visus
642 955 702 1026 est,
719 947 777 1034 qui
799 946 859 1012 hoc
880 945 965 1012 idem
983 945 1113 1032 privile·

96 1073 120 1116 n
145 1053 183 1116 in
200 1053 238 1116 B.
255 1051 388 1138 Virgine
408 1052 472 1116 iam
499 1050 572 1116 iude
597 1050 637 1117 ab
662 1058 765 1116 aetate
787 1072 846 1116 sua
863 1047 1064 1136 praedicarat
1079 1049 1112 1116 in

96 1153 281 1220 boosson
304 1153 351 1218 lll
375 1153 539 1220 concinnis
561 1153 649 1219 hisce
671 1151 879 1220 carminibus.
1175 1144 1339 1239 mmm

171 1357 242 1422 Hoc
255 1358 368 1422 ’odium
389 1369 475 1423 cetus
501 1358 584 1424 allud
604 1371 684 1438 erat,

259 1462 329 1526 Hoc
354 1474 424 1528 erat
441 1463 569 1551 aspidis,
596 1477 688 1552 atquc
712 1464 841 1531 homim's

259 1564 467 1649 Diplmlislils
490 1565 665 1645 dommum,

261 1667 353 1745 Ocod
372 1671 591 1738 modoceraao
605 1672 740 1757 issimis

264 1774 376 1862 Vipera
383 1781 562 1863 proteritur
570 1776 709 1865 podibus.

168 1879 271 1946 Edere
292 1902 425 1969 compos
447 1882 547 1948 Deam
568 1888 679 1951 merito

262 1983 379 2051 Ouum
399 1986 496 2056 Vmco
518 2009 653 2052 usurus
674 2011 801 2053 nouare

263 2088 427 2156 Tractibus
444 2096 556 2176 cnpss's
577 2092 762 2179 inexplicitis

264 2189 359 2257 Vruus
380 2217 508 2258 munus
530 2216 623 2258 rrcsn
647 2215 791 2258 asrourr

263 2296 411 2365 Gramine
433 2301 578 2365 concolor
598 2304 633 2366 in
654 2300 751 2366 viridi
771 2297 831 2383 (l).

127 2502 209 2572 Cum
222 2522 297 2569 vero
308 2502 416 2591 hymni
428 2504 634 2591 prudentiori
649 2505 683 2570 iu
695 2501 965 2570 multis'ecclesiis
977 2500 1118 2569 celebra·

96 2605 230 2687 inerint,
249 2617 346 2695 atque
360 2608 393 2673 in
409 2630 506 2674 usum
522 2610 645 2699 publici
668 2610 776 2678 cultus
795 2609 928 2690 adsciti,
947 2610 1025 2674 satis
1042 2608 1118 2675 iude

96 2711 209 2792 ibatur,
233 2721 272 2777 ut
294 2721 380 2778 recte
404 2714 628 2781 animadvertit
644 2713 757 2781 doctus
773 2716 950 2781 Faustinus
964 2712 1118 2793 Arsacio,

96 2835 138 2880 rm
159 2815 337 2881 communis
359 2835 417 2904 per
439 2814 472 2881 id
497 2818 610 2884 aetatis
633 2826 719 2884 esset
742 2811 898 2885 sententia
919 2815 960 2883 de
983 2815 1118 2908 Virgine

96 2931 212 2986 comte
227 2920 374 3008 serpentis
389 2932 497 3008 capot,
508 2920 567 2986 hoc
583 2930 646 3001 est,
660 2929 826 3013 peccatum
842 2919 1007 3007 originale,
1020 2919 1117 3008 prou-

96 3041 134 3088 ss.
160 3024 272 3089 Patres
296 3030 393 3110 atque
416 3023 608 3112 interpretes
635 3034 798 3113 exponunt
819 3023 872 3113 (2)
902 3023 1117 3104 Quamobrem

96 3332 301 3404 iiidicltur,haud
311 3338 499 3390 contemnendis
507 3353 545 3390 ar·
597 3335 1000 3395 ratos.1·cha01788.Tom.
1012 3336 1039 3390 1.
1051 3354 1108 3411 pag.

96 3423 164 3474 tenth
181 3421 301 3478 adversus
313 3421 488 3474 Constantium
502 3424 548 3475 ab·
599 3415 662 3476 269.
1137 3424 1140 3429 '

96 3521 123 3559 m
131 3507 303 3559 subiacenscm
314 3509 448 3560 ostendere
460 3509 547 3561 adulti-
642 3501 678 3577 (2)
689 3510 811 3562 Eruditus
825 3513 892 3563 enim
903 3513 986 3562 aditor
998 3511 1024 3561 in
1036 3505 1111 3564 Pru-

96 3593 257 3660 ,eummncti
266 3593 388 3656 praesulis
400 3606 547 3656 germanum
600 3591 790 3648 malesuasa
798 3591 992 3664 prolepomsois
1012 3595 1112 3659 cupx
1160 3601 1162 3606 “

96 3691 141 3728 nm
156 3689 223 3729 esse.
233 3675 353 3728 Attamen
363 3689 421 3726 eum
434 3677 475 3727 hie
492 3678 547 3741 ipss
598 3692 630 3730 ex
641 3680 680 3729 his
690 3679 822 3731 Prudentii
829 3680 982 3731 carminibus
990 3690 1043 3729 nou
1051 3692 1108 3731 mo·

96 3775 150 3813 mus
161 3762 189 3812 ln
200 3761 256 3812 cod.
267 3756 548 3812 monisteriihsnevcn-
600 3764 639 3814 do‘
651 3763 785 3815 confirmat
802 3764 937 3816 lsctiousm
956 3761 1112 3826 Vulgataei·

106 3846 189 3899 Paulo
199 3845 307 3897 diacono
318 3845 411 3896 oelchri
425 3858 475 3896 sac.
487 3847 550 3898 vt11
600 3860 653 3916 psa
669 3851 796 3915 conteret,
807 3861 896 3899 verum
915 3853 1044 3911 praeterea
1056 3848 1112 3898 aui·

96 3938 130 3985 *se
147 3945 195 3984 seu
212 3931 404 3994 hymnographo
422 3932 549 3997 adscsiba·
600 3933 735 3986 maereret
748 3932 1007 4006 quodinl’rurlentio
1023 3931 1112 3983 videre
1174 3940 1176 3943 ·

96 4018 184 4084 ,haec
200 4015 269 4066 torte
285 4021 411 4079 postrema
427 4016 550 4084 sententia
593 4016 676 4068 'liccat
696 4004 763 4081 piam
780 4010 945 4083 sententiam*
958 4011 1009 4066 nou
1029 4003 1113 4066 scium

96 4120 101 4150 i
118 4101 203 4154 videri
220 4105 305 4165 posset
322 4100 435 4152 similior.
600 4103 700 4167 quatem
717 4093 992 4168 theologiexptieant',
1017 4100 1062 4151 sod
1079 4114 1108 4152 e-

102 4186 110 4255 )
122 4188 156 4239 V.
166 4180 231 4238 146.
240 4198 311 4251 seqq.
320 4185 382 4238 edit.
391 4186 479 4238 Faust.
488 4183 551 4239 Arc·
601 4185 663 4238 tiam
674 4185 775 4251 qualem
785 4186 895 4252 plumes
911 4184 973 4236 virts
984 4184 1113 4237 muribus
