2828 4904
431 294 619 368 -ttt-

96 443 114 488 u
136 427 233 510 atque
257 420 411 485 irenaeus
433 417 556 484 insistit
570 417 665 484 viam.
683 413 841 505 Opposita
856 414 1070 482 enimdaere·

97 527 158 591 iam
172 525 232 591 hac
243 528 506 613 praescriptione,
536 521 720 588 traditionis
737 520 889 589 videlicet
904 539 968 587 non
988 523 1069 588 scri·

95 638 146 696 ta
169 630 270 696 sacris
292 628 412 696 litteris
433 629 526 716 plane
547 628 733 706 distinctas,
757 628 804 693 ita
827 630 1066 718 prosequitur:

96 763 98 792 ε
119 732 286 824 (Apostoli)
301 740 336 801 in
352 734 454 800 erlem
472 735 621 822 profecti,
643 732 769 798 candem
792 735 968 800 doctrinam
991 740 1070 801 sius·

96 843 143 907 dei
164 840 343 907 nationibus
372 842 677 927 promnlpaverunt,
699 849 728 904 et
751 839 885 927 proinde
912 841 1068 906 Ecclesiae

96 967 333 1034 unamquamque
358 951 513 1010 civitatem
535 945 753 1021 condiderunt,
776 966 796 1008 a
820 943 932 1030 quidus
955 944 1069 1010 tradu-

96 1050 125 1113 'ei
137 1060 166 1115 et
181 1055 298 1114 semina
313 1049 484 1126 doctrinae,
501 1059 618 1113 ceterae
635 1047 744 1113 exinde
760 1047 917 1112 Ecclesiae
940 1058 1068 1113 mutua·

96 1165 131 1233 st,
154 1165 183 1219 st
205 1154 341 1240 quotidie
363 1163 552 1220 mutuantur
574 1164 610 1218 ut
631 1152 790 1218 Ecclesiae
813 1153 913 1240 fiant5
932 1173 993 1238 per
1008 1150 1065 1219 lsoc

96 1257 315 1346 eApostolieas
332 1257 523 1345 deputantur
555 1269 592 1322 ut
606 1256 720 1323 sodales
741 1257 987 1344 apostolicarum
1006 1256 1067 1323 Ec·

96 1382 152 1426 um.
179 1359 276 1426 Omne
298 1384 393 1448 penus
415 1363 458 1426 ad
479 1366 628 1446 oripinem
650 1383 740 1426 suam
764 1373 927 1427 censeatur
948 1383 1066 1428 necesse

102 1465 223 1531 ‚Hanc
244 1470 342 1551 ipitur
365 1467 527 1552 diripimus
542 1470 832 1554 praescriptionem.
851 1464 890 1531 Si
914 1467 1067 1533 Dominus

96 1567 226 1637 llristus
252 1571 414 1658 Apostolos
435 1576 519 1636 misit
544 1572 588 1636 ad
608 1570 875 1658 praedicandum,
900 1572 980 1637 alios
1002 1594 1067 1639 non

96 1676 247 1763 capiendos
264 1676 499 1762 praedicatores
516 1696 611 1763 quam
634 1696 709 1762 quas
736 1673 878 1740 Christus
892 1680 1064 1741 instituit...
1171 1672 1183 1695 ⁸

96 1789 189 1844 cutem
207 1780 473 1865 praedicaverint,
496 1779 531 1843 id
552 1789 608 1857 est,
631 1779 707 1866 quid
728 1780 792 1843 illis
818 1775 959 1845 Cleristus
982 1801 1068 1846 reve·

100 1929 113 1960 ,
137 1895 166 1948 et
189 1883 238 1948 liic
255 1871 470 1971 praescribam
492 1906 556 1950 non
582 1885 676 1949 aliter
693 1883 831 1971 probari
856 1883 960 1950 debers
972 1932 984 1963 ,
1006 1891 1071 1952 nisi

96 1991 163 2055 dem
175 1991 343 2068 Ecclesiae,
359 2013 437 2078 quas
454 1990 596 2078 Apostoli
610 1989 827 2069 condiderunt,
841 1994 903 2078 apsi
917 1995 959 2055 eis
971 2013 1067 2078 prac-

96 2118 104 2160 ι
127 2109 194 2162 tam
209 2101 283 2162 aiva
308 2093 401 2184 (quad
422 2091 523 2180 aiunt)
540 2117 625 2173 acce,
647 2118 742 2182 quam
760 2117 821 2184 per
844 2096 989 2182 epistolas
1006 2119 1066 2184 pa·

96 2200 115 2265 l.
133 2199 411 2279 Quemadmodum
426 2221 503 2267 vcro
520 2201 685 2278 irenaeus,
703 2199 867 2287 praeiacto
884 2197 987 2263 solido
1006 2199 1064 2264 illo
1096 2246 1099 2251 -

96 2312 178 2372 tento
195 2304 234 2370 de
247 2305 392 2370 ecclesiis
407 2305 447 2370 ab
462 2305 625 2392 Apostolis
642 2304 803 2369 institutis
819 2302 860 2369 ad
883 2322 993 2368 veram
1008 2303 1063 2369 do

96 2433 107 2474 ι
127 2408 280 2475 traditam
302 2410 593 2491 internoscendum,
608 2411 788 2477 haereticos
809 2431 918 2476 omnes
938 2414 980 2481 ad
994 2432 1064 2478 eas-

96 2514 262 2594 avocabat,
280 2515 448 2602 speciatim
464 2524 572 2580 autem
593 2515 633 2581 ad
648 2516 813 2584 Ecclesiae
829 2539 980 2586 romanae
994 2540 1065 2585 scu·

106 2640 183 2685 cum
199 2618 294 2683 finem
310 2619 397 2706 ipsos
420 2621 672 2706 revocaba13ita
692 2621 816 2710 pariter
839 2605 1074 2691 Tertullianus¹

96 2721 163 2788 iens
175 2744 229 2787 eos
243 2721 383 2788 lacessit:
396 2724 459 2809 Ape
470 2730 535 2792 iam
553 2731 609 2813 qui
625 2728 709 2793 voles
727 2732 940 2794 curiositatem
952 2731 1080 2796 melius·

96 2831 157 2891 ein
178 2831 297 2912 nepotis
317 2829 429 2893 salutis
452 2839 541 2905 tuae;
557 2852 709 2917 percurre
732 2832 888 2898 Ecclesiae
912 2835 1061 2920 apostoli·

96 2932 149 2997 md
162 2954 241 3019 quas
256 2937 341 3020 ipsae
364 2933 466 2999 adleuc
489 2935 653 3000 catlcdrae
666 2935 887 3024 Apostolorum
902 2943 967 3002 suis
985 2939 1060 3003 locis

96 3049 143 3104 ent
165 3036 236 3124 (2)‚·
260 3040 348 3127 apud
368 3061 448 3128 quas
470 3043 554 3128 ipsae
582 3041 779 3106 authenticae
806 3045 929 3109 litterae
951 3065 1059 3107 eorum

96 3156 155 3222 ur,
180 3155 324 3209 sonantes
345 3166 449 3209 vocem
471 3155 500 3208 et
527 3157 792 3232 repraesentantes
814 3145 925 3224 sace'em
947 3151 1057 3212 unius-

99 3269 113 3311 e
132 3294 216 3312 .....
244 3247 283 3312 Si
297 3248 411 3311 Italiae
432 3248 573 3323 adimes,
593 3249 684 3313 labes
706 3249 855 3326 Romam,
873 3249 955 3314 unde
970 3250 1058 3318 nolis

109 3355 284 3415 auctoritas
295 3363 423 3438 praesto
447 3362 500 3416 est.
525 3352 591 3418 Ista
614 3375 709 3441 paam
730 3354 808 3438 felisa
830 3355 984 3432 Ecclesia,
1004 3361 1059 3421 cui

96 3453 259 3519 lontrinam
281 3453 425 3540 Apostoli
453 3476 523 3518 cum
557 3461 708 3541 sanquine
730 3457 971 3545 profuderunt!
998 3457 1057 3523 Uli

94 3566 238 3648 passioni
259 3561 429 3625 dominicae
453 3561 678 3648 adaequatur,
699 3563 755 3630 ubi
775 3564 900 3631 Paulus
923 3565 1053 3632 Ioannis

100 3660 167 3752 tae)
191 3671 278 3731 snitu
306 3679 491 3745 coronatur,
514 3667 570 3732 nbi
597 3669 765 3756 Apostolus
788 3670 922 3736 Ioannes
944 3684 1055 3758 postea

96 3858 117 3906 o.
130 3853 172 3908 De
185 3855 295 3911 Praese.
307 3859 376 3910 Edit.
395 3861 439 3909 cit.
451 3873 475 3911 a.
529 3856 675 3928 1580pag.
686 3854 769 3914 82.1n
782 3865 847 3915 edit.
857 3865 961 3915 Pamelii
971 3847 1050 3915 Paris.

532 3942 611 3999 1616.
623 3965 675 4014 pag.
690 3946 751 4003 338,
769 3952 822 4002 imo
839 3956 866 4002 et
886 3953 912 4001 in
925 3952 975 4015 ipsa
989 3954 1051 4002 edit.

105 4025 165 4078 edit.
178 4029 215 4078 De
226 4029 250 4078 ia
262 4029 341 4080 Csrda
356 4044 414 4095 opp.
436 4034 478 4084 ad.
530 4034 663 4087 basileensi
690 4037 761 4086 Basti
793 4038 908 4088 Rhenani
936 4038 1051 4088 Basileus

96 4105 199 4176 Ossam.
209 4113 241 4160 11.
252 4127 306 4177 pag.
324 4111 366 4166 78.
377 4117 406 4165 tn
415 4117 476 4166 edit.
530 4131 570 4168 aa.
584 4113 664 4172 1562.
676 4135 732 4186 pag.
751 4116 813 4172 108.
839 4120 957 4172 habetur:
968 4133 1050 4189 pras·

96 4203 192 4246 rurant.
205 4200 242 4249 De
259 4199 282 4249 ta
294 4201 383 4254 Barre.
396 4202 477 4255 Paris.
530 4203 653 4260 sidentur
665 4221 711 4273 pro
718 4204 885 4274 praesident·
