2828 4904
122 469 157 536 le
181 469 319 535 seminis
336 469 499 533 excisione
516 467 555 532 ad
572 467 694 535 loetum
711 465 905 554 gignendum
922 473 954 531 ct
977 464 1208 532 ellocmandum

119 592 316 659 exposuero.
335 572 384 636 lta
400 570 538 650 alensis,
555 571 710 637 Albertus
725 573 876 655 Magnus,
898 592 923 634 s.
943 570 1090 649 Thomas,
1107 591 1132 634 s.
1148 571 1209 637 Bo

116 684 462 762 naventura,quorum
475 672 1208 761 testimoniuidemcl.virproiert.Nobishelc
1286 679 1289 684 ’

120 781 201 849 satis
227 781 272 844 sit
283 779 381 845 verba
401 800 426 844 s.
442 781 685 846 Bonaventurae
705 776 889 845 describere
905 779 963 864 qui
987 779 1020 842 in
1033 779 1065 844 3.
1084 779 1160 845 dist.
1175 778 1207 846 3.

120 880 290 975 quadi,
299 882 424 950 scribit:
432 883 503 950 Non
515 883 586 950 laic
598 883 724 950 eiciant
736 884 819 949 dicta
830 884 997 948 Bernardi.
1008 883 1117 949 Potine
1129 889 1210 951 enim

124 989 257 1056 intendit
276 987 438 1055 excludere
457 1008 606 1064 errorem,
624 1009 661 1054 ne
684 993 752 1075 qaia
771 986 878 1054 aedat
899 986 1053 1071 Virginem
1075 989 1211 1075 canctifi-

129 1105 233 1159 catam
248 1097 283 1157 in
298 1095 490 1179 conceptione
506 1089 625 1171 (activa
641 1089 775 1170 scilicet,
791 1087 1003 1178 praecedento
1020 1091 1145 1156 animae
1161 1090 1209 1156 in·

125 1196 289 1263 fusionem
312 1192 351 1259 de
374 1214 438 1280 qua
461 1189 630 1281 loquitur),
647 1216 741 1282 qaam
761 1215 835 1280 erpa
849 1193 1002 1278 Virginem
1021 1193 1209 1259 decetionem
1241 1214 1245 1222 ·

122 1310 266 1364 noctram
288 1302 434 1363 minnere.
460 1301 507 1362 Ac
529 1296 656 1362 obiecto
679 1296 743 1362 sibi
766 1296 825 1362 hoc
850 1295 1006 1362 lies-nardi
1031 1303 1207 1362 contextu:

121 1399 232 1465 Necin
247 1403 314 1487 ipso
338 1410 484 1486 concepta
506 1397 715 1478 (sanctificari
739 1401 879 1484 poterat)
894 1410 1025 1486 propter
1042 1409 1208 1486 peccatam

119 1502 202 1590 guod
226 1505 346 1577 inerat,
363 1500 407 1564 ita
420 1499 640 1570 difficultatem
665 1500 773 1566 solvit.-
793 1499 923 1566 Constct
941 1501 1025 1587 qaod
1047 1501 1131 1565 iliad
1143 1522 1208 1567 non

121 1615 160 1669 nt
182 1603 306 1667 dictam
330 1614 461 1688 propter
477 1614 643 1689 peccatam
658 1603 741 1690 quod
758 1614 831 1682 esset
853 1607 888 1666 in
905 1602 1109 1689 parentibus,
1132 1607 1208 1690 qaia

116 1712 295 1795 potuissent
315 1709 415 1792 ipsam
438 1711 597 1792 concipere
618 1711 682 1772 cine
700 1718 850 1793 peccato:
875 1728 946 1791 erqo
971 1706 1045 1772 dicit
1073 1717 1206 1796 propter

119 1828 252 1874 caucam
271 1809 395 1894 pcccati
416 1827 494 1893 qaae
510 1818 579 1872 erat
594 1811 627 1871 in
643 1830 747 1872 carna.
775 1808 858 1892 Erpa
876 1807 1011 1886 videtur,
1025 1808 1120 1896 ,quod
1133 1829 1205 1876 aan-

123 1911 270 1994 etificatio
303 1904 470 1993 (Virginis)
492 1929 556 1973 non
577 1908 673 1991 faerit
697 1921 769 1973 ante
794 1908 981 1992 infusionem
1004 1913 1139 1974 anc‘mae.

208 2008 296 2077 Cum
318 2011 422 2096 igitur
445 2019 515 2076 tum
542 2033 583 2076 ex
606 2011 686 2098 ipsis
710 2032 736 2076 s.
759 2011 917 2089 Bernardi
939 2010 1047 2080 verbis
1077 2011 1209 2079 institu·
1299 2073 1302 2077 ,

129 2119 219 2200 togae
247 2112 352 2179 abeo
375 2115 674 2202 argumentatione,
701 2123 769 2180 tum
792 2137 833 2180 ex
856 2116 1017 2183 communi
1041 2123 1207 2194 vetorum,

123 2218 222 2307 quam
243 2218 432 2286 eorumdem
462 2219 634 2294 verborum
658 2220 878 2287 exhibuerunt
900 2220 1135 2308 explanatione,
1159 2221 1210 2287 lu·

118 2319 269 2389 colenter
297 2330 422 2390 constet
446 2344 523 2389 eum
546 2323 585 2389 de
613 2325 821 2412 conceptione
855 2332 981 2390 tantum
1004 2329 1110 2389 activa
1142 2323 1211 2389 ani-

121 2425 297 2493 mationem
319 2425 530 2513 praeccdente
554 2447 731 2494 sermonem
753 2427 892 2509 iecisse„
917 2427 1061 2513 legitime
1088 2425 1212 2514 colligi-

125 2534 187 2611 tur,
212 2551 242 2595 s.
259 2531 432 2598 Ductorem
447 2531 522 2618 piae
539 2533 715 2598 sententiae
737 2531 900 2598 infensum
919 2552 981 2615 non
1004 2528 1118 2597 fuisse.
1145 2528 1213 2595 lmo

123 2653 196 2701 eam
219 2633 292 2722 ipse
308 2656 350 2701 ex
364 2633 552 2702 celebritate
569 2634 645 2702 festi
661 2636 700 2702 de
716 2637 816 2702 natali
835 2639 871 2702 B.
886 2635 1032 2722 Virginis
1049 2632 1113 2714 die,
1128 2654 1212 2721 quae

122 2736 184 2805 iam
207 2739 244 2804 in
260 2738 407 2805 Ecclesia
431 2739 554 2827 ubique
577 2740 716 2827 vigebat,
730 2741 881 2807 intulerit
896 2747 1038 2806 sanctam
1064 2760 1134 2805 eam
1156 2761 1213 2806 ox·

123 2842 227 2909 titisse
242 2849 318 2908 ante
333 2844 551 2928 nativitatem3
568 2845 642 2910 iure
659 2846 840 2933 meritoque
860 2843 1084 2910 concludimus
1100 2844 1211 2931 ipsum

124 2953 267 3012 anetam
291 2945 415 3032 pariter
442 2946 689 3034 conceptionem
714 2957 995 3036 propugnatorum
1022 2945 1147 3025 fuisse,
1182 2947 1211 3011 si

127 3048 209 3116 idem
225 3047 346 3122 festum
361 3072 380 3116 a
397 3050 668 3119 christifidelibus
685 3053 809 3140 ubique
825 3051 994 3132 celebrari,
1012 3059 1049 3116 ut
1061 3071 1146 3117 nunc
1163 3049 1209 3130 lit,

126 3154 333 3240 cognovisset.
357 3154 460 3242 quue
475 3177 513 3221 eo
530 3155 666 3222 liberius
695 3157 827 3234 affirmo,
844 3155 931 3243 quod
955 3177 981 3221 s.
1000 3157 1120 3226 Doclor
1142 3155 1210 3241 epi·
1276 3191 1278 3197 ·

128 3258 224 3323 stolae
239 3279 318 3323 suae
334 3257 429 3324 finem
444 3259 495 3324 his
513 3259 618 3325 verbis
636 3257 761 3325 feccritt
777 3259 865 3336 Quae
881 3273 984 3326 actem
1001 3261 1081 3338 deici,
1097 3259 1209 3346 absque

123 3361 314 3445 praeiudicio
329 3383 404 3427 sanc
419 3362 502 3427 dicta
517 3368 579 3428 sint
597 3368 705 3428 aoniae
718 3369 875 3450 capientia.
893 3364 1054 3428 Romanae
1065 3384 1210 3449 pracser-
1314 3395 1320 3408 ·
1395 3342 1414 3364 Η

127 3469 177 3529 tim
191 3464 349 3531 Ecclesiae
362 3470 548 3532 auctoritati
560 3478 651 3553 atque
667 3472 806 3533 ecamini
825 3480 924 3533 totam
940 3467 995 3532 leoa
1010 3472 1091 3534 sicat
1113 3479 1142 3533 et
1165 3489 1211 3532 ce-

124 3578 215 3645 tera,
237 3591 318 3656 qaae
347 3570 496 3635 eiusmodi
515 3581 601 3647 caat,
624 3576 772 3637 aniverso
793 3567 940 3638 cesarea.-
963 3577 1061 3660 ipeiae
1082 3577 1112 3638 ai
1132 3572 1210 3660 qaid

126 3673 218 3740 aliter
232 3676 321 3761 capio
342 3684 479 3760 paratae
494 3673 607 3738 iudicio
631 3674 801 3740 emendare.

125 3875 326 3947 damnatam.
336 3874 640 3948 nemaraonepnnta
692 3883 785 3935 scimus
809 3883 972 3955 allucinatum
993 3881 1071 3935 luisse
1098 3882 1209 3948 Vosque-

124 3962 161 4018 ad
178 3961 409 4032 taceamne
426 3977 445 4018 a
461 3963 597 4032 magutrie
614 3979 640 4019 o·
691 3969 759 4020 cium
770 3970 829 4020 dum
839 3975 908 4021 tomo
918 3971 952 4021 ll
961 3965 1019 4022 1n3
1024 3985 1050 4035 p
1057 3985 1084 4035 q
1076 3959 1135 4022 ..27
1146 3968 1209 4032 alep

122 4044 227 4102 nnita
243 4044 465 4117 conmman-
453 4048 640 4103 ·l)eindead-
693 4048 754 4106 117
764 4051 856 4119 capa.
874 4057 906 4107 ete
923 4052 1208 4123 conceptioaepaasioa

123 4133 160 4184 dit
179 4134 257 4185 etiam
276 4138 376 4184 textum
396 4148 416 4185 c.
436 4134 638 4203 Montanium,
692 4141 794 4204 exponit
805 4141 880 4192 verna
891 4154 910 4190 s.
922 4140 1054 4192 chardi.

124 4232 201 4282 auem
214 4221 241 4270 ct
252 4231 300 4270 nos
318 4219 461 4271 retulimus.
474 4218 513 4271 lix
530 4233 582 4286 quo
601 4222 640 4272 di-
