2828 4904
733 368 778 383 ·-
794 327 857 399 126
873 365 916 382 -

286 458 354 514 tum
377 458 437 528 est,
455 459 493 516 ut
508 451 683 537 nihil-ipsis
703 472 857 538 umquam
873 452 993 516 calamo
1016 451 1186 530 exciderit,
1203 438 1290 536 quod
1305 453 1354 517 Ee-

285 552 400 618 clesiae
416 554 783 632 sensuiadversaretur,
808 577 891 641 quae
914 554 1063 641 deinceps
1082 555 1115 618 in
1132 551 1354 640 piam'sonten-

284 656 361 723 tiam
378 664 446 721 tum
461 657 568 726 verhis
584 654 763 722 tumlactis
780 665 889 742 aperte
904 665 936 721 et
949 657 1206 722 luculentissime
1221 659 1352 723 animun

283 793 378 837 snum
394 770 569 858 proclivem¹
582 772 743 860 patefecit.
762 774 796 838 Si
812 795 876 859 qua
892 796 969 839 vero
986 784 1061 838 sunt
1073 776 1212 838 Petrum
1227 776 1351 860 scripto

281 896 418 958 rumque
445 876 738 940 ecclesiastieorum
761 875 862 953 dicta,
887 876 1219 962 quaeimmaculatae
1244 878 1350 943 Couce

180 1024 184 1040 .,
279 978 382 1065 ptioni
405 977 562 1063 refragari
584 978 765 1056 videantur,
790 978 867 1043 haec
891 981 996 1044 omnia
1013 979 1054 1044 ad
1081 1001 1189 1044 aeram
1206 989 1349 1065 spectant
1375 1044 1380 1051 ,

278 1102 361 1167 quac
374 1090 517 1145 exortam
525 1082 780 1146 controversiam
792 1081 967 1147 suhsecuta
979 1092 1037 1146 est.
1052 1083 1170 1148 Contra
1183 1104 1261 1146 vero
1278 1105 1346 1168 quac
1383 1164 1387 1169 .

278 1204 337 1268 pro
352 1183 561 1248 immunitate
578 1186 614 1247 B.
628 1184 775 1268 'Virginis
791 1206 810 1247 a
825 1185 938 1269 quavis
959 1184 1082 1270 peccati
1101 1182 1229 1248 macula
1254 1192 1346 1261 stant,

276 1287 398 1351 nullam
431 1286 629 1372 prohabilem
658 1286 877 1353 adversantem
906 1288 1347 1374 patiunturexpositionem:

276 1412 378 1476 eaque
399 1390 545 1474 apriscis
561 1390 641 1476 ipsis
652 1391 814 1456 Ecclesiae
832 1390 1030 1477 temporibus
1047 1392 1205 1476 originem
1223 1392 1346 1473 ducunt3

278 1503 398 1580 et-quo
414 1493 515 1578 magis
541 1492 632 1559 nohis
655 1495 837 1580 proximant
853 1495 992 1572 saecula,
1017 1516 1054 1559 eo
1085 1494 1270 1559 clarescunt
1295 1517 1347 1558 ma·

279 1595 328 1684 gis
351 1596 451 1661 donec
466 1596 506 1660 ad
522 1617 705 1682 expressam
720 1596 876 1683 deisthac
893 1597 1092 1682 exemptione
1113 1595 1290 1661 dormulam
1305 1597 1347 1661 de.

279 1702 443 1766 veniatur:·
452 1699 525 1764 dein
537 1700 691 1785 suffragio
702 1701 831 1764 minime
843 1699 942 1774 dubio
954 1701 993 1765 ah
1011 1701 1186 1786 utriusque
1195 1701 1347 1765 Ecclesiae

280 1805 411 1883 ritihus,
433 1804 595 1890 liturgiis,
623 1802 778 1890 festisque
806 1807 959 1869 arcessito
986 1805 1255 1869 communiuntur
1278 1805 1348 1870 serie

109 1968 131 1978 l.
221 1979 222 1983 ,
280 1932 444 1996 nunquam
467 1909 648 1994 interrupta
676 1907 715 1970 ah
739 1915 851 1974 exorta
875 1930 978 1994 usquc
1005 1909 1110 1994 primo
1132 1909 1330 1994 quaestione.

370 2016 404 2080 Si
426 2015 529 2100 igitur
554 2015 700 2099 vestigiis
727 2014 913 2078 insistamus
937 2034 1020 2098 quae
1043 2014 1111 2100 ipse
1126 2014 1297 2078 Launoius
1314 2035 1352 2078 ee

193 2120 198 2129 ’
281 2118 356 2194 noni
379 2117 587 2181 Vincentiano
611 2116 742 2179 innixus
773 2117 880 2202 ponit,
914 2116 954 2180 ad
977 2117 1056 2180 hanc
1084 2118 1272 2181 necessario
1293 2137 1348 2181 con·

281 2221 458 2300 elusionem
481 2219 711 2284 deveniendum
726 2227 785 2297 cst,
802 2221 985 2300 catholicum
1002 2219 1151 2285 videlicet
1175 2219 1342 2284 sententian

281 2346 376 2402 esse‚-
391 2346 474 2409 quae
501 2325 593 2389 docet
616 2326 653 2389 Β.
673 2323 844 2408 Virginem
866 2344 929 2387 non
955 2323 1057 2388 fuisse
1079 2323 1112 2386 in
1136 2332 1276 2408 peccato
1292 2341 1344 2386 con

282 2437 416 2516 ceptam.
440 2431 525 2493 llaec
548 2435 597 2492 est
612 2427 707 2505 enim,
731 2428 947 2514 quacumque,
964 2449 1047 2515 quae
1068 2448 1198 2513 semper,
1226 2423 1348 2513 quaest

283 2533 420 2596 omnibus
438 2531 560 2598 credita
588 2539 619 2595 et
638 2529 773 2616 probatu
791 2539 849 2595 cst.
872 2530 933 2595 Sed
946 2532 973 2595 si
985 2531 1031 2594 ita
1043 2538 1102 2608 est,
1128 2530 1294 2616 quispiam
1308 2527 1352 2591 sci·

284 2634 471 2713 scitahitur,
495 2635 554 2721 qui
577 2633 647 2697 fieri
671 2634 829 2720 potuerit,
855 2642 891 2698 ut
909 2640 954 2699 tot
978 2633 1160 2698 scholastici
1186 2633 1221 2695 in
1245 2639 1357 2710 contra·

282 2739 364 2803 riam
381 2739 577 2803 'sententiam
598 2733 839 2802 concesserint?
868 2739 991 2803 Verum
1021 2738 1154 2812 isthaec
1167 2737 1298 2802 diversa
1317 2741 1361 2827 est

282 2829 441 2929 quaestio,
458 2849 490 2905 et
505 2863 523 2906 a
538 2841 699 2927 praesenti
716 2841 865 2905 instituto
881 2841 973 2928 plane
987 2839 1101 2918 aliene,
1114 2840 1313 2925 propriaque
1325 2857 1360 2907 ac

283 2942 440 3028 singulari
468 2942 695 3030 disquisitione
718 2943 858 3034 indiget3
876 2942 962 3030 quod
985 2965 1042 3007 nos
1066 2945 1134 3007 Deo
1157 2942 1292 3008 iuvante
1310 2940 1353 3003 da
1384 2972 1387 2981 ·

281 3046 400 3111 himus.
424 3048 461 3109 In
476 3046 657 3133 praesentia
674 3067 714 3109 ex
733 3045 773 3109 iis
789 3067 872 3131 quae
889 3046 1030 3109 diximus
1047 3045 1176 3108 firmum
1192 3051 1350 3127 ratumque

282 3170 352 3214 esse
368 3148 472 3228 dehet,
490 3149 709 3235 quaestionem
723 3149 760 3212 dc
774 3147 977 3214 immaculata
988 3147 1135 3233 Virginis
1148 3146 1342 3233 Conceptionc
1358 3196 1362 3201 .

282 3247 461 3317 revocatam
485 3252 524 3317 ad
548 3261 694 3330 aetatem,
713 3274 795 3338 quac
813 3251 988 3338 praecessit
1002 3237 1243 3316 controversiae
1266 3244 1340 3330 origi

282 3376 373 3433 nem,
394 3356 487 3421 iuxta
508 3347 734 3443 praestitutam
762 3377 780 3420 a
810 3355 955 3421 Lnunoio
983 3354 1126 3440 regulam
1146 3354 1182 3418 in
1206 3354 1293 3418 illius
1313 3349 1337 3411 la·

284 3478 391 3522 vorem
414 3480 549 3544 prorsus
571 3457 696 3540 dirimi3
721 3457 858 3542 hincque
875 3457 947 3525 iure
971 3456 1152 3541 colligimus
1169 3455 1335 3524 Ecclesiam·

283 3561 310 3624 si
334 3581 404 3624 earn
427 3559 510 3625 forte
538 3569 614 3624 tunc
639 3560 790 3646 temporis
808 3559 989 3623 diremisset
1005 3558 1276 3635 controversiam,
1298 3568 1337 3618 non

282 3665 476 3729 contrariam
498 3667 569 3752 piac
594 3664 768 3728 sententiae
785 3662 1000 3728 definitionem
1016 3660 1156 3725 laturam
1173 3659 1287 3738 luisse,
1303 3652 1338 3721 scd

282 3765 370 3831 illam
385 3769 493 3854 potius
506 3776 712 3832 asserturum.
731 3767 813 3831 lllud
831 3772 996 3852 practerea
1020 3764 1244 3850 consequitur,
1266 3761 1338 3827 ratio

282 3891 352 3935 nem
375 3871 462 3936 illam
486 3869 731 3957 argumentandi
752 3892 848 3956 quam
864 3870 1029 3934 Launoius
1052 3868 1192 3932 maxime
1216 3867 1340 3932 idonean

206 4031 210 4038 .
284 3971 322 4034 nd
345 3973 429 4058 piam
447 3973 636 4037 sententiam
650 3969 902 4036 labefactandam
917 3969 1054 4046 censuit,
1072 3969 1210 4033 maxime
1227 3968 1269 4033 ad
1280 3984 1342 4032 eam·

284 4073 355 4137 dem
377 4074 667 4166 constabiliendum¹
684 4073 933 4163 firmandamque
957 4071 1113 4138 conferre.
1188 4160 1190 4164 ,
