2828 4904
109 3066 250 3130 Argumen-

71 3142 126 3188 tum
138 3154 168 3188 ex
182 3153 250 3189 ιοιιι·

88 3208 228 3277 paratione

80 3281 187 3345 petitum
200 3281 239 3329 iu-

94 3357 225 3402 stauretur

1390 248 1408 365 ἔ

729 309 914 383 ...220-

281 434 427 502 tributus
441 430 457 502 l
473 435 589 501 Cultus
612 435 735 503 scilicet
757 438 811 502 illc
834 459 932 525 quem
948 437 1046 502 iama
1067 437 1182 505 seculo
1205 438 1362 508 Ecclesiae

281 544 394 610 saltem
416 544 530 629 quinto
544 544 576 606 in
588 541 721 608 Oriente
741 545 895 631 coepisse,
921 566 958 609 ac
974 566 1039 609 non
1051 546 1097 610 ita
1111 544 1319 633 postmodum
1332 549 1362 614 in
1406 604 1408 611 .

282 647 457 714 Occidente
474 649 571 712 etiam
588 649 756 714 inolevisse
775 651 935 729 vidimus,
956 651 1055 738 idque
1073 651 1181 715 autc
1171 672 1279 737 rpsam
1293 646 1407 738 ιιιιθζΙ

284 771 348 838 que
372 749 486 816 festam
509 753 697 818 Natiuitatis
721 755 911 820 Partheniae
935 755 1193 833 institutionem,
1216 763 1248 819 et
1268 757 1408 841 prius·

285 875 383 941 quam
409 854 584 940 utriusque
611 852 686 919 sesti
714 856 888 921 celebratio
911 858 1005 944 parili
1034 857 1176 944 gradu
1167 879 1203 920 ιιι
1228 838 1408 925 Ecclesia

284 955 436 1076 progredi
457 949 640 1042 inciperet?
660 957 773 1021 lam
748 980 775 1022 s1
792 969 959 1044 praeterea
980 966 1147 1046 spectetur
1171 959 1260 1023 mira
1278 943 1408 1067 huiuslf

286 1061 391 1181 ipsius
410 1060 808 1148 festivitatispropagatie,
837 1084 920 1149 quae
948 1062 1116 1149 paullatim
1131 1048 1408 1182 procedensl
1336 1038 1407 1191 um¹

287 1165 446 1231 nivensem
473 1164 602 1230 demum
628 1167 806 1232 Ecclesiam
836 1168 1001 1254 complexa
1027 1179 1087 1251 est3
1112 1168 1142 1231 si
1166 1149 1408 1234 romanorunll

289 1271 480 1338 Pontificum
501 1271 678 1336 auctoritas
694 1272 934 1351 consideretur,
951 1293 1090 1360 quorum
1110 1272 1251 1338 iteratis
1277 1273 1389 1339 dena·

290 1377 332 1441 tis
360 1377 414 1441 illa
439 1378 560 1440 sancita
587 1384 651 1455 est,
673 1397 709 1442 ac
726 1376 822 1442 simul
850 1384 960 1464 aperte
983 1377 1191 1473 declaratum
1215 1377 1408 1506 obiectu·fl

290 1480 380 1545 illius
404 1487 435 1545 et
465 1488 622 1566 perpetuo
642 1478 745 1545 luisse
761 1488 794 1545 ct
810 1501 880 1544 esse
896 1481 1037 1566 primum
1064 1466 1298 1599 conceptionis
1319 1466 1408 1545 nel

292 1594 445 1663 mentum,
463 1583 587 1649 scilicet
606 1583 712 1648 illud
704 1607 737 1648 ιιι
757 1606 822 1671 quo
839 1587 875 1648 B
895 1585 1040 1670 Virginis
1060 1585 1173 1650 anima
1190 1594 1304 1650 creata
1317 1570 1408 1665 cstl

292 1688 486 1776 corporique
510 1690 700 1773 coniuncta3
726 1691 753 1754 si
778 1689 818 1754 ob
842 1689 952 1754 oeulos
979 1689 1166 1771 habeatur,
1192 1689 1287 1778 quod
1307 1689 1366 1756 alibi
1393 1674 1408 1718 ¹²

294 1817 312 1860 a
340 1795 432 1858 nobis
459 1802 507 1859 est
536 1795 804 1879 animadversum,
835 1795 904 1859 lieri
929 1816 991 1859 uon
1019 1817 1113 1882 pesse
1140 1798 1229 1883 quin
1255 1817 1367 1862 consue
1393 1832 1396 1841 ·

294 1898 374 1964 tudo
389 1909 421 1963 et
437 1898 547 1986 praxis
559 1899 723 1965 Ecclesiae
739 1900 849 1987 aliquo
860 1900 1021 1986 principio
1038 1898 1225 1998 θεωρητικῳ
1240 1923 1298 1966 seu
1315 1921 1366 1986 spe
1390 1852 1397 1949 l

295 2003 436 2068 culativo
463 2003 632 2085 innitatur3
654 2003 682 2067 si
708 2002 836 2066 demum
864 2005 947 2066 ratio
971 2002 1132 2068 habeatur
1161 2001 1367 2068 consensionis

298 2126 335 2170 ac
360 2105 580 2190 persuasionis
600 2103 680 2169 adeo
712 2107 887 2170 constantis
923 2112 1021 2191 atque
1048 2104 1281 2184 universalis,
1306 2123 1365 2191 quac

297 2209 382 2296 apud
407 2208 640 2275 christifidetes
671 2208 710 2274 dc
739 2211 799 2275 bec
825 2210 979 2298 mysterio
999 2209 1104 2295 riguit
1125 2230 1165 2274 ac
1194 2210 1408 2299 vige13pm3

296 2312 382 2380 fecto
412 2323 458 2380 tet
492 2314 567 2379 iude
594 2322 784 2400 argumenta
818 2314 985 2393 babemus,
1017 2335 1101 2402 quae
1129 2313 1265 2380 iterum
1300 2296 1408 2378 mibi

297 2420 507 2507 apostolicam
542 2419 652 2498 illam,
684 2439 781 2505 quam
815 2417 1038 2496 defendimus,
1074 2438 1136 2504 pro
1175 2392 1407 2483 immacul&

297 2528 462 2615 Conceptu
487 2524 692 2592 traditionem
722 2531 891 2589 testantur.
911 2527 994 2589 Vera
1017 2524 1121 2609 igitur
1141 2523 1202 2589 ille
1228 2520 1368 2592 velutin-

296 2633 415 2710 vulus,
444 2633 501 2718 qui
529 2655 569 2696 cx
595 2623 859 2728 πρωτευκγγέλιθυ
890 2629 1022 2694 oraculo
1045 2630 1193 2715 primum
1233 2628 1369 2705 emersit,
1405 2652 1408 2709 j

298 2758 358 2824 per
383 2757 493 2801 omnes
520 2734 704 2800 traditionis
736 2733 861 2797 canales
889 2754 965 2797 suas
992 2732 1055 2796 late
1083 2753 1190 2818 aquas
1218 2731 1371 2807 derivant,
1401 2718 1408 2823 l

298 2850 397 2926 atque
432 2840 465 2905 in
495 2839 728 2926 amplissimum
759 2838 887 2902 demum
916 2858 953 2901 ac
981 2836 1227 2903 nobilissimum
1257 2836 1374 2904 lluriun
1403 2834 1408 2909 l

300 2946 455 3013 excrevit.

388 3052 449 3115 llic
464 3071 561 3137 porro
579 3069 697 3114 rursus
710 3069 745 3112 ac
763 3046 960 3111 luculentius
974 3044 1078 3110 adbuc
1095 3065 1129 3109 se
1147 3045 1310 3133 prodit
1280 3067 1327 3111 ιιι
1338 3066 1377 3108 ar-

301 3154 445 3239 gumenti
461 3153 562 3230 illius,
580 3150 667 3238 quod
686 3172 725 3212 ex
742 3150 979 3236 comparatione
997 3149 1069 3234 piae
1087 3148 1295 3213 immaculati
1311 3149 1377 3212 Cen
1405 3178 1408 3220 3

300 3266 413 3344 ceptus
434 3258 609 3322 sententiae
630 3277 705 3320 eum
721 3276 783 3320 neu
802 3254 915 3341 paucis
935 3275 975 3318 ex
998 3253 1039 3316 iis
1062 3252 1284 3331 veritatibus,
1307 3271 1378 3339 quae

300 3361 450 3426 definitae
474 3361 514 3426 ab
537 3361 683 3426 Ecclesia
710 3360 845 3425 diversis
871 3357 1069 3444 temporibus
1097 3366 1189 3436 sunt,
1212 3356 1379 3424 deduccba

300 3489 383 3532 mus.
400 3465 551 3533 Vidimus
568 3468 699 3554 quippe,
713 3466 817 3530 allatis
834 3465 868 3529 in
884 3464 1026 3528 medium
1042 3463 1217 3549 exemplis,
1234 3465 1329 3530 hasce
1343 3462 1379 3527 in

303 3569 431 3634 tcrdum
446 3569 496 3635 vel
513 3570 601 3634 nulle
619 3591 784 3635 sacrarum
800 3569 984 3632 litterarum
1000 3565 1134 3630 eraculo
1151 3564 1259 3631 fultas
1276 3565 1382 3646 tuisse,

302 3674 352 3739 vel
384 3672 482 3739 nullis
500 3674 630 3738 disertis
658 3673 863 3760 antiquitatis
891 3671 1105 3736 monumentis
1130 3672 1300 3749 munitas,
1318 3689 1378 3756 pau·

301 3781 349 3844 eis
373 3780 567 3866 quandoque
591 3777 844 3862 suffragantibus
872 3775 1042 3852 Patribus,
1070 3774 1275 3862 quandoque
1300 3776 1372 3839 ctis!

304 3893 360 3948 aut
380 3884 490 3970 aliquo
513 3882 694 3946 Bibliorum
718 3882 751 3944 in
775 3882 914 3966 speciem
939 3879 1145 3955 testimonie,
1172 3888 1235 3943 aut
1262 3882 1375 3944 Patrun

306 3987 499 4053 auctoritate
531 3981 724 4068 refragante.
759 3984 850 4066 Quae
882 3990 987 4046 tamen
1019 3979 1108 4044 nullo
1137 3978 1237 4045 fuere
1262 3975 1377 4068 impeti·

304 4096 423 4166 nacula,
447 4107 512 4173 quo
535 4085 642 4150 minus
665 4086 811 4150 Ecclesia
833 4085 1044 4171 dogmaticam
1061 4082 1101 4147 dc
1128 4083 1171 4146 iis
1200 4079 1379 4148 veritatibus

305 4191 406 4276 ferrost
429 4190 644 4267 seutentiam,
673 4189 772 4278 idque
810 4199 980 4277 postquam
1008 4187 1106 4252 etiam
1130 4187 1164 4251 in
1188 4187 1320 4292 longum
1345 4180 1375 4245 de

1385 1234 1408 1303 ,ll

1384 1338 1407 1401 ‘ll
