2820 4890
27 455 167 544 quilibet
189 453 399 532 christianus,
413 460 712 541 quantumcumque
726 447 789 513 sibi
804 449 940 515 devotus
952 449 995 538 (l)
1005 476 1020 512 e
1032 449 1119 519 Itur-

24 583 105 628 sum:
125 587 141 620 n
170 560 322 627 Christus
344 560 452 647 potuit
475 558 552 623 dare
569 557 689 622 multus
706 555 827 642 gratius
843 563 909 620 tum
924 557 1120 624 humanitati

25 689 126 744 suae,
154 687 257 752 quam
280 664 509 729 dilectissimae
534 663 634 730 Matri
658 681 741 748 pure
764 661 881 746 gestis,
905 682 989 748 quas
1012 670 1119 731 mmen

25 772 214 850 actualiter,
239 780 271 836 et
293 770 332 835 de
356 770 442 835 lecto
464 792 526 835 non
555 766 714 834 contulit:
738 774 771 831 et
791 767 978 855 oppositum
1000 790 1124 836 assene-

25 901 61 959 re,
88 887 144 943 est
172 876 291 941 falsum
315 886 348 941 et
371 877 591 953 temerarium,
616 875 712 939 immo
736 872 929 938 haereticale
951 897 966 934 n
982 893 990 937 ε
1007 875 1123 941 huius·

26 982 102 1048 nodi
125 983 295 1069 potuisset
310 1001 380 1044 esse
398 979 500 1065 gratia
525 979 717 1043 omnimodae
729 977 987 1064 inpassibilitatis
1000 979 1061 1064 (2).
1072 978 1123 1045 Ex

29 1108 82 1173 quo
104 1083 284 1149 concludit
304 1081 420 1146 doctus
449 1080 663 1146 cancellarius
687 1079 800 1145 falsam
824 1100 894 1145 esse
918 1079 1000 1146 hene
1026 1082 1127 1146 ratio·

31 1187 239 1266 cinationem,
257 1208 322 1272 qua
339 1185 451 1272 plures
467 1185 516 1248 uti
535 1192 798 1250 consueverunt:
826 1181 968 1249 Christus
978 1189 1086 1272 potnit
1097 1196 1128 1252 et

27 1304 120 1380 ptest
135 1292 247 1362 malta
263 1290 382 1375 facem
401 1300 429 1353 et
445 1289 501 1352 doe
517 1290 600 1354 decet
614 1310 697 1354 earn:
714 1311 785 1373 erqo
806 1289 877 1373 iecit
893 1300 951 1354 ant
966 1290 1071 1375 saciet.
1088 1287 1127 1354 ld

29 1417 81 1462 uon
97 1416 180 1461 esse
197 1410 398 1481 consequens
416 1393 520 1471 docet,
545 1415 660 1459 verum
683 1413 754 1457 esse
777 1394 943 1477 fallaciam
965 1398 1128 1482 petitsanir

34 1502 195 1586 princepii;
222 1490 297 1584 qnia
326 1496 467 1562 videlicet
486 1500 717 1583 praesupponit
739 1500 773 1560 in
788 1501 906 1561 minori
914 1501 1128 1584 propositione

39 1602 166 1688 qnadest
181 1615 279 1687 aeque
290 1606 430 1684 iqnotnrn
443 1602 491 1666 ael
502 1605 649 1686 e'qnotinn
663 1621 758 1688 qaam
768 1602 961 1688 princepale.-
977 1606 1061 1666 ratio
1071 1613 1126 1679 est,

35 1707 132 1794 pergit
150 1706 240 1794 ipse,
256 1712 332 1794 qnia
347 1706 426 1771 nilsil
442 1708 524 1771 decet
538 1706 636 1771 Deam
650 1706 766 1791 secere,
785 1710 848 1771 nisi
861 1707 1029 1772 secandam
1043 1707 1128 1794 qnod

34 1817 95 1881 enit
105 1819 185 1905 fieri
195 1825 352 1902 reate‚per
364 1819 536 1901 oppositam
543 1814 793 1879 consuetudinem
802 1813 845 1877 ad
855 1815 1033 1885 voluntates
1042 1835 1129 1879 crea·
1194 1901 1196 1904 Α

31 1931 83 1999 tas,
100 1939 190 2008 qaae
206 1919 274 1982 ideo
288 1920 397 1984 nolunt
412 1940 516 2003 apere,
528 1920 603 2004 qaia
615 1930 837 2003 praesentatur
848 1922 890 1982 eis
901 1918 1032 2006 aliquod
1047 1917 1128 1982 abie-

33 2037 111 2090 ctam
128 2022 191 2090 aad
203 2029 327 2088 ratione
339 2023 414 2088 doni
427 2033 484 2087 ant
497 2026 704 2087 convenientis
709 2044 725 2098 ;
742 2032 772 2087 et
786 2024 852 2087 ideo
867 2034 979 2106 aquai,
994 2027 1071 2110 quia
1082 2027 1128 2088 ai-

30 2130 114 2196 ator
132 2126 328 2202 credonensis
345 2140 374 2192 et
388 2150 452 2192 non
464 2129 531 2191 ideo
547 2127 631 2191 illud
646 2137 689 2190 est
700 2126 814 2192 bonnm
831 2138 888 2191 ant
906 2128 1022 2192 decens.
1043 2125 1127 2192 Can·

32 2258 62 2301 sa
83 2245 146 2310 est,
163 2255 231 2298 non
247 2237 326 2297 enine
341 2244 414 2298 sant
431 2235 557 2316 aepulae
575 2237 699 2320 primae
706 2254 721 2307 ,·
739 2232 791 2296 sed
805 2232 968 2316 repulatae
985 2255 1006 2296 a
1017 2235 1126 2320 prensa

32 2338 170 2406 lenitate
190 2335 251 2419 (3).
269 2337 424 2422 Adeoque
449 2357 540 2401 nemo
556 2344 686 2423 praeter
701 2338 807 2401 Deum
828 2335 890 2400 scit
912 2335 1000 2423 quod
1022 2337 1128 2402 deceat

35 2447 132 2529 ipsum
154 2453 252 2506 aetra
274 2463 305 2505 se
323 2442 514 2528 producam
538 2447 614 2528 qnia
633 2443 718 2506 solas
736 2446 794 2506 scit
815 2441 893 2529 qnid
914 2443 989 2507 uelit
1011 2463 1102 2527 apere
1108 2463 1124 2516 ,·

43 2568 156 2636 exque
187 2545 327 2611 subinde
343 2547 496 2633 pertexit:
524 2545 666 2611 Christus
677 2551 784 2634 potnit
806 2552 1033 2613 communicare
1056 2546 1129 2613 Ma-

41 2655 86 2716 tri
98 2670 178 2718 tuae
201 2655 237 2716 in
260 2662 359 2729 atero,
376 2653 462 2738 qaod
474 2653 614 2737 pluriosa
630 2664 658 2716 et
676 2664 889 2718 consummata
905 2654 1051 2738 felicitate
1069 2676 1128 2720 na-

38 2767 188 2834 sceretur,
214 2765 243 2818 et
267 2754 323 2819 doc
347 2756 448 2820 deaait
470 2762 573 2843 ipsam
595 2756 715 2840 faeere·
739 2763 815 2844 qaia
839 2759 940 2823 decuit
964 2782 1033 2824 eam
1056 2760 1128 2825 Ma·

41 2872 112 2926 trem
134 2861 308 2925 maerore:
332 2860 418 2945 Erpa
441 2865 485 2924 sie
507 2861 589 2945 fecit.
618 2859 748 2927 Constat
771 2865 855 2950 qaod
876 2867 1033 2930 conclusio
1057 2866 1129 2932 liae·

42 2967 176 3030 reticetis
198 2974 257 3041 est,
278 2975 307 3028 et
327 2975 430 3028 tamen
446 2970 637 3052 praemissae
654 2973 857 3032 communiter
879 2981 1085 3035 assumantur
1108 2993 1129 3034 a

45 3071 202 3135 nonnullis
224 3073 259 3133 in
281 3068 502 3133 assertionibus
525 3075 590 3135 sais
610 3073 831 3159 confirmandis
857 3068 914 3152 (tl).
940 3074 1005 3137 llas
1034 3096 1131 3160 regu-

45 3172 83 3239 les
105 3174 264 3240 Petavius
288 3196 403 3238 aureas
420 3174 557 3252 vocavit,
574 3176 780 3263 maximeque
797 3198 850 3240 eus
867 3177 1008 3263 probans
1021 3179 1129 3264 ponit,

46 3276 194 3345 tricolum
218 3287 250 3342 et
273 3278 482 3364 nugatorium
506 3300 576 3344 esse
600 3281 660 3344 hoc
688 3279 978 3366 argumentationis
1002 3304 1128 3368 genus,

47 3407 106 3470 quo
132 3382 285 3470 plerique
308 3384 359 3447 uti
384 3382 507 3462 solent,
537 3393 575 3448 ut
598 3385 792 3450 inusitatum
816 3385 985 3473 quodlibet
1008 3389 1132 3474 gratiae

46 3509 142 3573 qenus
168 3486 282 3551 beatae
304 3487 434 3571 Virgini
458 3487 610 3573 affingant
634 3487 689 3577 (5).

132 3590 206 3659 Etsi
222 3612 299 3656 vero
315 3591 450 3656 daretur
466 3592 561 3658 hasce
578 3594 708 3679 regulos
728 3597 951 3684 exceptionem
969 3598 1131 3664 interdum
1196 3655 1220 3706 Α
1330 3662 1340 3707 t

47 3698 130 3782 pati,
156 3718 195 3761 ac
218 3697 436 3761 moderatione
460 3719 542 3784 opus
558 3720 644 3778 esse,
661 3703 853 3786 praesertim
877 3725 950 3769 eum
976 3707 1055 3769 satis
1080 3728 1130 3770 so=
1192 3671 1359 3788 salgami:

47 3798 106 3868 lide
130 3800 218 3867 ratio
241 3800 424 3880 decentiae,
448 3824 533 3889 quae
556 3803 755 3883 adstruitur,
781 3807 1004 3892 suffragetur3
1029 3809 1132 3875 nihilo
1186 3800 1365 3920 [aziljuffi

50 3983 115 4124 ὣς)
129 3989 232 4040 veritos
248 3987 404 4043 duodecima
420 3993 480 4043 tntu.
507 3995 555 4044 eol.
614 3989 677 4130 45ίέ
688 3995 787 4045 Veritas
801 3992 974 4047 decimanona
997 3999 1046 4047 eol.
1065 3990 1128 4050 452.

84 4148 116 4218 [2)
127 4157 228 4207 veritas
238 4154 434 4227 decimaquinta
444 4161 508 4210 tato.
588 4155 593 4162 '
649 4157 682 4224 (5)
697 4158 939 4216 dilaceremus.
951 4157 995 4214 14.
1005 4180 1026 4214 e.
1038 4161 1062 4217 8.
1072 4161 1099 4235 ᾖ.
1111 4162 1129 4216 9

84 4235 529 4312 (3)Veritesdecimaseptinsalbid.
622 4260 691 4313 seqq.
