2828 4904
751 312 937 379 -laa-

301 431 410 511 ageret
433 430 562 490 sancini
576 426 839 495 ‘claraevallensis
862 430 971 495 Abbas
987 429 1165 495 omnimoda
1184 431 1221 495 B.
1235 431 1371 518 Virginis

301 552 319 594 a
343 531 533 616 primigenia
558 531 627 596 labe
650 533 834 617 immunitas
851 532 957 599 inerat
980 542 1181 621 propugnata
1193 536 1234 599 ab
1251 544 1371 600 auctore

301 636 455 699 sermonis
471 636 525 700 cui
543 637 674 701 titulus:
692 638 737 701 De
758 637 968 726 Concepte'one3
986 639 1099 704 deinde
1121 662 1210 719 vero,
1227 642 1369 706 nimirum

300 737 446 822 proxime
462 761 480 803 a
497 761 521 803 s.
536 741 692 805 Bernardi
709 742 816 821 obitu,
833 765 891 828 pro
908 742 1017 807 eadem
1033 742 1208 810 decertavit
1228 745 1376 810 Nicolaue'

299 842 412 930 anglus
440 864 465 908 s.
489 843 606 909 Albani
628 847 819 924 monachus,
845 849 899 911 cui
922 847 971 913 vel
994 850 1062 934 Ipse
1086 849 1203 912 Petrus
1235 848 1367 913 cellensis

297 947 471 1012 monachus
484 948 698 1013 cisterciensis
715 957 747 1012 et
765 971 789 1013 s.
804 950 959 1015 Bernardi
974 950 1153 1036 discipulus
1169 959 1220 1016 est
1237 951 1367 1038 adstipu-

298 1051 383 1116 latus
412 1049 465 1138 (I).
490 1052 596 1136 Igitur
619 1061 730 1117 contra
759 1053 944 1130 historicam
965 1056 1131 1120 veritatem
1158 1057 1299 1120 criticus
1320 1056 1366 1119 iste

297 1155 438 1242 primum
461 1154 685 1220 immaculatae
709 1157 852 1242 Virginis
877 1165 1067 1222 assertorem
1083 1160 1235 1223 Ioannem
1254 1160 1367 1224 Scotum

226 1272 229 1277 '
298 1258 477 1323 constitnit.
503 1259 565 1323 Sed
590 1281 662 1325 vera
685 1262 921 1326 controversiae
943 1262 1035 1346 origo
1057 1262 1097 1326 ab
1121 1271 1227 1332 aetate
1254 1285 1280 1326 s.
1307 1265 1368 1327 Ber·

298 1361 391 1427 nardi
408 1370 457 1427 est
472 1364 602 1427 omnino
616 1365 800 1450 repetenda.
820 1420 824 1426 .

328 1470 329 1474 ’
387 1468 453 1531 Iam
475 1468 552 1533 uero
574 1469 739 1533 Launoius
756 1491 906 1534 canonem
924 1491 982 1534 scu
993 1475 1275 1557 praescriptionem
1289 1492 1368 1536 suam

299 1572 426 1636 tertiam
442 1593 483 1635 ex
505 1592 543 1635 eo
562 1574 737 1657 praemisit,
762 1573 849 1659 quod
864 1594 923 1659 pro
942 1581 1028 1637 certo
1041 1573 1183 1650 haberet,
1197 1575 1252 1638 nti
1276 1574 1370 1638 inuni-

297 1696 380 1754 mus‚
392 1676 461 1740 'non
477 1675 570 1742 modo
583 1677 683 1755 nulla,
700 1699 784 1763 quae
801 1675 944 1741 seculum
959 1677 1037 1740 XIII
1055 1676 1293 1756 antecederent,
1316 1698 1369 1743 mo
1390 1662 1405 1677 ”

297 1785 448 1843 numenta
471 1781 599 1864 propia
616 1781 771 1844 sententia
792 1787 973 1865 suppetere,
993 1799 1105 1843 verum
1119 1778 1230 1842 omnia
1247 1799 1370 1864 prorsus

297 1902 381 1966 qnae
404 1883 483 1947 hanc
507 1890 642 1947 aetatem
665 1882 901 1970 praecederent,
925 1882 1039 1947 illimet
1061 1882 1243 1960 adversari,
1270 1883 1320 1946 uti
1340 1903 1371 1946 ex

298 1985 370 2050 eius
388 1992 633 2074 praescriptione
658 1986 797 2050 secunda
820 1995 922 2072 patet,
946 2008 1030 2072 quae
1052 1986 1099 2051 ita
1123 1985 1285 2050 sehabet:
1305 2010 1320 2046 u
1346 1984 1371 2049 Si
1395 1996 1398 2001 '

80 2091 248 2157 Ptflettrla¹l⁰
298 2089 443 2155 Ecclesia
465 2091 685 2177 quaestionem
705 2090 743 2154 de
768 2090 929 2176 Conceptn
953 2090 1097 2174 Virginis
1120 2087 1218 2152 modo
1242 2089 1309 2154 iam
1321 2108 1370 2153 me·

69 2166 103 2215 Π·
297 2203 421 2260 morato
442 2194 604 2281 explicare
628 2216 663 2258 ac
688 2193 808 2259 solvere
832 2195 936 2271 vellet,
961 2201 1057 2279 atque
1074 2192 1168 2258 finem
1184 2191 1365 2264 discussioni

296 2299 453 2367 collocare
485 2321 567 2366 anno
600 2299 726 2365 Domini
761 2299 928 2364 millesimo
964 2319 1062 2384 supra
1095 2298 1363 2387 trecentesimum,
1389 2309 1394 2322 ·

298 2406 393 2476 SINE
419 2405 550 2472 DUBIO
575 2398 774 2469 statueretur
796 2407 833 2470 B.
850 2405 1016 2488 Virginem
1032 2404 1116 2468 sicul
1139 2410 1271 2468 ceteros
1289 2400 1370 2469 homi-

297 2531 354 2575 nes
366 2497 537 2596 inpeccato
549 2509 698 2593 originali
711 2515 904 2594 conceptam,
919 2507 1111 2594 suffragante
1125 2505 1198 2591 ipso
1211 2503 1370 2571 VIncentio

298 2613 450 2678 lerinensi
481 2611 661 2677 Commonit.
685 2633 753 2697 cap.
774 2612 804 2675 3.
832 2612 870 2676 In
893 2616 971 2698 epea,
1001 2609 1118 2696 inquit,
1143 2609 1307 2674 catholica
1325 2607 1372 2670 Er

285 2719 391 2783 ¹alesia
413 2739 594 2804 magnopere
611 2706 849 2792 carmeianen,
868 2727 902 2778 eet
919 2715 951 2778 id
966 2727 1135 2790 teneamus,
1154 2712 1243 2801 qnod
1258 2712 1367 2800 alique,

299 2821 383 2906 qnod
395 2841 522 2907 semper,
538 2820 621 2907 qnod
636 2818 673 2882 ad
691 2819 829 2884 omnibns
846 2819 994 2883 creditam
1012 2830 1069 2892 est;
1087 2817 1142 2881 leae
1159 2828 1204 2881 est
1218 2822 1367 2882 enimeen

300 2914 507 3000 catholicam,
530 2925 613 3010 qaod
633 2929 701 3012 ipsa
724 2929 770 2989 eis
792 2928 923 2989 neminie
946 2927 1087 3009 ratioque
1117 2921 1285 2998 declarat,
1306 2920 1368 3007 queit

300 3255 460 3320 parisiensem
470 3258 501 3307 ad
509 3257 570 3308 illud
578 3255 759 3308 eilormrndum
768 3258 809 3307 de·
862 3255 882 3306 ti
894 3253 1063 3318 disputatorie
1075 3251 1209 3303 historiam
1230 3264 1245 3300 a
1258 3245 1362 3303 Waddir

298 3347 407 3407 oretum,
419 3357 470 3406 qno
482 3343 547 3392 cavit
559 3355 592 3391 ne
601 3343 631 3391 ad
642 3342 706 3390 tritos
718 3343 810 3404 gradus
863 3352 896 3402 go
907 3339 1019 3389 relatam.
1028 3336 1093 3391 Eum
1112 3335 1197 3386 adisis.
1207 3332 1360 3398 Quamvupe
1403 3340 1407 3344 ·

298 3427 459 3478 scholasticos
476 3427 663 3492 admitteretur,
675 3426 719 3489 qui
738 3425 808 3489 prins
860 3423 961 3474 cutiens
984 3422 1046 3471 haee
1064 3420 1096 3470 de
1119 3420 1292 3484 disputatione
1312 3412 1358 3480 narr
1395 3460 1408 3490 e

298 3523 350 3560 non
359 3510 453 3561 iuraret
466 3525 492 3569 sa
509 3510 674 3561 defensurum
682 3510 712 3560 a.
723 3509 808 3572 Virgi-
860 3504 1103 3558 siensiInstorIanou
1113 3503 1357 3568 admitteretur,cor
1401 3497 1407 3502 '

294 3596 454 3644 'nemanoxa
466 3595 608 3657 originarIa.
618 3596 727 3645 Decreta
739 3592 806 3642 addi·
861 3597 910 3642 stat
921 3589 1084 3641 nihilominus
1100 3585 1172 3637 Scoti
1190 3586 1285 3647 lamam
1301 3585 1356 3644 louet

299 3681 467 3731 ditvotnmde
476 3681 622 3738 celebranda
630 3680 762 3742 quotannis
773 3677 808 3727 Ie·
859 3677 961 3739 lataque
973 3668 1146 3738 pervulgatam
1162 3670 1245 3730 luisse
1267 3671 1299 3722 ab
1310 3667 1356 3745 Cor

294 3767 411 3816 -stieitate
420 3765 592 3814 immaculatae
602 3765 807 3828 conceptionis».
861 3762 985 3823 nandonis
998 3759 1173 3812 immaculatae
1193 3757 1355 3813 noeoeane
1405 3804 1408 3813 ⁴

300 3853 430 3902 Hactenus
439 3849 810 3913 WaddIngus.AttamenNata·
863 3852 917 3910 ptos
927 3846 1177 3900 vindicianceternm
1197 3840 1314 3898 historiae
1328 3835 1356 3884 hl·

299 3936 331 3984 Iis
348 3931 507 3984 Alenllisl.
529 3930 602 3985 licel-
620 3933 676 3981 Sec.
696 3932 758 3982 XIII
785 3937 811 3980 et
864 3926 1358 3995 iosconfingendaenullaextitissetrt·
1394 3953 1408 3986 ἑ

301 4008 812 4082 XIVCap.Vari.l§.ll,handpan·
865 4012 910 4060 tio.
1110 4059 1113 4065 ,
1207 4005 1247 4069 J
1311 4062 1314 4070 Ι
1395 4022 1408 4073 ;

299 4102 335 4149 eis
362 4114 410 4163 nee
435 4101 539 4150 infirmis
559 4098 713 4162 argrrmentis
734 4097 812 4145 veluti
876 4091 1107 4160 tl)1tecolantur
1133 4105 1201 4154 quoa
1223 4103 1297 4154 snpra
1313 4086 1358 4134 dict
1395 4108 1399 4114 ·

303 4184 415 4235 inbutam
424 4185 531 4236 traducit
546 4189 624 4234 totam
634 4185 697 4232 hanc
711 4183 742 4231 da
754 4182 816 4231 Sao—
871 4183 937 4228 sant.
