2820 4890
514 323 700 395 -159-

146 447 228 514 Dixi
251 449 431 525 traditionis
453 447 577 515 divinas
599 459 692 536 utque
715 447 914 536 apostolicae
941 467 1046 534 neque
1068 467 1145 515 vero

64 548 94 616 id
115 550 223 617 solum
246 553 326 640 quia
349 573 443 618 secus
466 552 556 618 nulla
579 553 664 619 ratio
686 551 805 619 adduci
831 550 1010 641 probabilis
1038 558 1148 639 posset

63 663 121 721 tam
143 656 350 736 constantis,
373 664 504 744 tamque
527 655 638 722 firmae
666 662 764 745 atque
794 655 989 724 universalis
1016 677 1148 722 consen-

62 759 156 825 sionis
198 758 240 825 ad
262 759 359 848 plura
390 760 499 827 secula
521 760 659 847 vigentis
682 768 753 826 tum
775 759 920 826 fidelium
943 767 1013 825 tum
1035 758 1147 825 Eccle-

61 863 122 928 siae
150 872 343 950 pastorum,
373 885 523 930 necnon
550 863 660 930 cultus
687 862 767 930 adeo
790 864 917 953 antiqui
943 864 978 929 in
1005 872 1148 952 utraque

59 965 203 1033 Ecclesia
230 966 381 1034 orientali
408 975 440 1033 et
465 967 677 1048 occidentali,
706 969 757 1034 uti
785 967 944 1052 vidimus3
973 967 1031 1033 sed
1053 989 1147 1055 prae·

60 1077 139 1136 terea
172 1072 258 1158 quia
286 1074 420 1138 Patrum
451 1073 810 1161 ecclesiasticorumque
837 1073 1033 1160 scriptorum
1045 1072 1147 1139 series

60 1174 144 1241 inid
168 1176 431 1262 conspirantium
448 1176 507 1242 hoc
530 1177 638 1264 ipsum
666 1177 769 1263 exigit
792 1183 890 1263 atque
904 1176 1061 1265 exposcit.
1074 1174 1149 1242 Ete-

59 1279 119 1344 nim
148 1300 196 1344 ex
226 1279 376 1344 adductis
404 1282 537 1345 Patrum
563 1281 801 1360 monumentis,
828 1302 913 1369 quae
937 1279 1145 1367 apostolicam

57 1383 151 1451 ierme
163 1385 336 1472 attingunt
350 1393 497 1466 aetatem,
515 1393 650 1466 constat,
672 1387 744 1452 illos
759 1385 810 1454 vel
826 1408 864 1453 ea
880 1385 1034 1452 statuisse
1057 1385 1146 1474 prin-

64 1487 139 1576 cipia
160 1509 208 1554 ex
247 1488 370 1576 quihus
394 1490 549 1577 Virginea
571 1490 759 1557 immunitas
781 1489 915 1580 produit
922 1509 933 1575 3
957 1488 1008 1558 vel
1035 1489 1147 1577 aequi·

69 1589 259 1678 pollentibus
277 1592 384 1658 verbis
401 1593 489 1658 illam
511 1594 727 1674 adstruxisse,
745 1594 887 1660 nondum
900 1593 1040 1660 formula
1055 1594 1146 1660 illius

68 1697 303 1763 sauciationis
332 1697 479 1781 invecta3
502 1697 554 1766 vel
577 1696 717 1784 denique
741 1705 894 1785 concepta
927 1719 1147 1786 expressaque

59 1799 213 1881 tornulo,
230 1821 318 1888 quae
334 1802 508 1867 etiamnum
524 1802 659 1882 obtinet,
676 1801 935 1881 immaculatum,
950 1802 1038 1868 omni
1054 1824 1145 1890 pror·

57 1926 108 1973 saa
132 1905 273 1973 seclusa
300 1903 387 1986 labe,
410 1906 557 1993 Virginis
585 1906 783 1994 Conceptum
806 1904 847 1972 ad
871 1906 1018 1973 seculum
1039 1927 1146 1994 usque

57 2010 129 2079 1111
152 2009 355 2078 asseruisse.
383 2009 573 2076 Istiusmodi
592 2008 799 2076 traditionem
819 1996 929 2077 rivulo
951 2032 1014 2075 non
1037 2011 1146 2077 incon-

60 2134 132 2203 grue
155 2113 421 2201 comparaveris,
445 2113 504 2201 qni
526 2135 568 2180 ex
582 2112 699 2179 humili
721 2114 864 2201 erumpit
886 2112 985 2191 fonte,
1011 2109 1048 2178 ac
1071 2112 1146 2179 dein

57 2218 303 2287 confluentibus
326 2217 472 2305 undique
492 2218 586 2305 aquis
610 2219 769 2284 adauctus
786 2239 891 2305 nsque
913 2216 993 2284 adeo
1015 2238 1145 2284 concre-

57 2324 122 2404 scit,
138 2331 180 2390 ut
192 2324 230 2389 in
243 2322 461 2397 exundantem
468 2330 613 2389 mutatus
627 2322 765 2389 fluvium
781 2344 913 2409 aggeres
930 2344 1038 2389 omnes
1050 2345 1142 2412 prae·

59 2436 166 2510 lateat,
182 2428 421 2517 proximosque
435 2427 499 2493 late
514 2448 643 2515 campos
659 2426 844 2515 perfundat.
867 2428 933 2507 Qui
955 2427 1141 2496 traditionis

66 2530 183 2617 quidm
198 2529 329 2597 rivulus
342 2528 382 2593 ab
394 2529 465 2617 ipso
476 2527 731 2624 προτεναγγελιου
747 2529 835 2596 fonte
848 2530 997 2615 scaturit3
1007 2551 1026 2596 a
1038 2531 1143 2618 primo

67 2632 208 2702 riddicet
231 2633 291 2700 illo
318 2633 382 2700 Dei
403 2634 547 2715 oraculo,
575 2657 641 2722 qno
663 2657 721 2722 per
744 2633 895 2700 iuturum
918 2635 1143 2704 Liberatorem

59 2738 229 2806 summe
252 2739 411 2806 humanae
434 2738 576 2806 familiae
603 2741 637 2804 in
660 2739 819 2805 malorum
842 2737 1041 2828 profundum
1064 2738 1144 2804 dila-

57 2860 129 2931 psae
149 2841 366 2931 promissum,
385 2842 525 2930 gloriosa
546 2842 693 2910 eiusdem
716 2844 823 2910 Mater
838 2843 889 2908 uti
906 2852 1074 2909 conterens
1091 2863 1143 2908 ca-

56 2953 113 3035 pnt
133 2946 276 3033 maligni
290 2946 458 3034 invidique
475 2949 668 3034 anguis,seu
686 2946 807 3015 diaboli
827 2947 1020 3026 seductoris,
1037 2956 1141 3034 utque
1169 3000 1171 3005 ⁴
1203 2943 1208 2952 “

55 3052 175 3121 invecti
199 3053 326 3140 peccati
347 3054 466 3121 victrix
490 3055 676 3120 exhibetur.

59 3194 63 3199 ·
142 3159 241 3238 Quae
263 3178 338 3223 cum
360 3157 407 3224 ita
429 3180 463 3224 se
492 3157 630 3224 habeant
654 3167 686 3224 ct
708 3158 791 3224 illud
819 3160 1042 3248 consequitur,
1067 3160 1139 3227 fieri
1209 3197 1378 3249 Neonteon·

56 3259 142 3328 hand
155 3261 307 3351 potuisse
331 3268 368 3327 ut
383 3263 546 3328 contraria
563 3263 705 3341 traditio,
722 3284 825 3350 eaque
840 3263 949 3329 divina
966 3263 1139 3351 aliquando
1192 3269 1269 3318 crarta
1298 3269 1377 3319 tradi-

57 3367 214 3455 rignerit3
237 3367 382 3455 alioquin
403 3368 482 3433 baec
498 3369 734 3455 praevaluisset
747 3369 781 3433 in
798 3369 953 3434 Ecclesia:
978 3370 1042 3434 nisi
1066 3392 1141 3435 cum
1192 3339 1378 3474 ¹22¹3nlffi

59 3471 258 3538 iansenianis
285 3480 342 3537 aut
363 3470 573 3538 maleieriatis
596 3472 768 3538 haereticis
788 3474 971 3553 contendas,
988 3474 1142 3540 ohscura-
1194 3481 1306 3546 viguerit

61 3583 119 3643 am
149 3595 226 3643 eam
248 3574 538 3663 obliteratamque,
568 3577 746 3641 autetiam
770 3577 971 3642 immutatam
1001 3578 1144 3666 turpiter

63 3671 171 3743 fiisse.
202 3677 301 3756 Quod
326 3698 424 3765 qnam
458 3679 594 3765 impium
617 3678 762 3762 cogitatu
796 3678 955 3767 dictuque
979 3680 1031 3758 sit,
1050 3702 1143 3745 nemo

61 3796 153 3847 tanus
177 3788 231 3847 est
253 3781 312 3869 qui
326 3803 390 3848 non
405 3781 522 3850 videat.
547 3782 708 3862 Quocirca
724 3804 853 3848 necesse
873 3792 933 3863 est,
952 3783 1080 3871 eloquia
1096 3783 1145 3849 bi-

63 3879 152 3965 llica,
177 3906 266 3973 quae
288 3885 322 3950 in
338 3907 463 3952 omnem
484 3887 573 3952 Adae
590 3885 731 3953 sobolem
753 3895 966 3975 propagatum
981 3887 1147 3974 ,originale

69 3986 174 4054 sitium
205 3996 390 4069 testantur,
421 3990 617 4077 singularem
647 3993 685 4057 B.
716 3992 862 4078 Virginis
898 3991 1146 4078 Conceptionem

68 4091 192 4159 minime
214 4093 484 4182 comprehendere
501 4093 634 4175 fateare,
659 4096 959 4183 exceptionemque,
975 4094 1062 4182 quod
1078 4117 1147 4161 sae·

69 4214 104 4280 pe
127 4197 273 4279 dictum,
309 4197 504 4285 admittere3
540 4208 638 4287 prout
661 4198 839 4268 adversarii
877 4200 940 4287 ipsi
964 4199 1052 4266 ultro
1074 4222 1149 4269 cou-
