2828 4904
730 338 774 358 ..-
797 307 840 375 76
863 342 908 358 ....

281 429 402 513 acribia
415 428 575 506 videlicet,
591 446 667 492 eum
678 432 710 490 te
726 434 858 493 anatona
874 434 907 490 et
922 426 1076 512 magistro
1093 426 1127 492 in
1143 448 1255 494 omnes
1271 430 1367 517 origi·
1405 459 1408 520 q

281 535 364 601 nalis
375 533 463 599 labes
474 538 682 620 propagetur,
699 530 843 618 adeoque
867 530 987 596 diaboli
1003 532 1163 619 mancipia
1179 555 1291 600 omnes
1306 538 1367 601 elfi-
1406 612 1408 619 Ι

143 648 145 653 ’
214 717 217 723 ,
282 639 441 726 clas,ipsa
456 658 587 724 quoque
610 636 712 722 Virgo
734 635 846 701 eadem
867 634 1049 701 conditione
1072 634 1251 717 tenebitur,
1270 659 1368 725 aquo

283 745 479 816 christianae
502 765 599 809 aures
621 763 756 830 prorsus
780 741 964 808 abhorrent.
982 743 1056 810 Nisi
1079 742 1165 809 enim
1183 744 1265 809 haec
1281 767 1368 811 mens

205 875 212 939 j
283 848 401 914 luisset
423 848 560 927 Iuliano,
580 868 757 935 numquam
771 847 824 911 hic
841 854 975 912 novator
989 847 1023 912 id
1039 869 1064 911 s.
1082 849 1216 914 Ductori
1234 848 1369 915 obiecis-

284 958 344 1017 set.
358 953 527 1029 lamvero,
545 949 596 1014 uti
612 949 763 1028 vidimus,
795 951 1002 1035 Augustinus
1025 957 1063 1014 ut
1087 971 1157 1015 eam
1185 971 1204 1015 a
1234 971 1271 1014 se
1303 972 1371 1036 pro

285 1051 431 1140 pulsaret
457 1051 662 1129 calumniam,
680 1073 777 1139 quam
799 1051 863 1139 ipsi
886 1051 1083 1138 impingebat
1098 1051 1261 1129 lulianus,
1279 1061 1370 1138 negat

285 1153 539 1242 inconsequens
566 1171 654 1237 esse3
679 1154 757 1240 quia
780 1154 842 1218 etsi
870 1153 904 1218 id
932 1152 1034 1218 ferret
1056 1154 1181 1227 Mariae
1204 1152 1369 1232 conditio,

282 1264 400 1345 ¹utpote
423 1257 586 1324 communi
605 1258 729 1323 ratione
749 1258 891 1344 genitae,
920 1257 1065 1345 adeoque
1090 1256 1238 1330 debitum
1255 1258 1370 1344 etipsa
1406 1340 1408 1349 y

280 1363 393 1430 labem
415 1363 497 1428 hanc
520 1363 729 1429 contrahendi
752 1361 982 1450 praeseferret3
1007 1370 1245 1450 praeoccupata
1270 1372 1371 1429 tamen
1404 1358 1408 1407 t

288 1468 421 1556 speciali
444 1467 571 1554 gratia,
597 1488 775 1555 numquam
808 1467 843 1532 in
870 1466 991 1532 diaboli
1010 1467 1216 1531 servitutem
1249 1467 1370 1533 incidit.
1400 1436 1408 1595 3

282 1570 377 1638 ἰΤειίἰε
392 1570 478 1635 enim
496 1576 546 1634 est
563 1569 613 1635 vis
639 1570 857 1656 responsionis
870 1590 897 1634 s.
911 1569 1104 1655 Augustini:
1128 1568 1199 1632 Noa
1224 1572 1371 1634 transeat·
1405 1636 1407 1641 .

289 1674 400 1745 Manus.
411 1673 533 1740 diaholo
545 1674 686 1740 Mariam
702 1676 874 1740 conditione
888 1674 1047 1749 noscendi,
1064 1674 1117 1738 sed
1130 1673 1197 1736 ideo
1215 1677 1296 1759 quio
1310 1677 1368 1759 apso
1407 1706 1408 1720 κ

284 1781 424 1846 :conditio
447 1781 583 1845 solvitur
602 1784 711 1864 qratia
734 1780 916 1845 renascendi
918 1801 934 1854 ,·
958 1777 1091 1864 perinde
1115 1799 1151 1842 ac
1176 1777 1206 1841 si
1230 1777 1367 1849 diceret:
1404 1763 1408 1803 l

282 1882 409 1949 >falsum
431 1890 481 1947 est
503 1882 590 1970 quod
605 1890 644 1947 ut
659 1890 785 1948 certum
801 1882 862 1949 tibi
878 1884 1038 1948 assumis:
1063 1882 1227 1969 siquidem
1244 1884 1283 1947 B.
1306 1881 1369 1946 Vir·
1405 1870 1408 1909 ³

291 2003 332 2069 go
355 1982 389 2048 in
416 1985 624 2072 conceptione
640 1985 711 2072 ipsa
737 2006 796 2072 per
819 1985 955 2071 gratiam
977 1983 1151 2050 Salvatoris
1175 1983 1304 2062 abhoc
1326 1981 1367 2046 de·

292 2085 361 2154 bito
381 2089 487 2156 soluta
509 2099 570 2171 est,
594 2099 692 2178 atque
714 2091 787 2156 ideo
809 2112 986 2177 numquam
1007 2091 1042 2154 in
1065 2089 1186 2154 diaboli
1210 2090 1311 2153 cessit
1324 2109 1365 2182 po

286 2201 452 2262 testatem.
476 2196 573 2276 Quod
595 2203 704 2262 autem
726 2196 798 2262 heic
820 2196 860 2261 ab
884 2196 1069 2281 Augustino
1102 2203 1222 2280 agatur
1245 2195 1287 2259 de
1309 2214 1361 2258 eon·
1407 2213 1408 2222 ¹

284 2301 452 2388 ceptione,
475 2310 586 2391 patett
610 2301 729 2367 etenim
747 2301 875 2366 nonnisi
897 2301 931 2364 in
954 2301 1172 2387 conceptionis
1202 2308 1281 2365 actu
1308 2318 1362 2362 con
1395 2290 1399 2337 ·“

293 2405 437 2472 trahitur
470 2406 627 2493 originale
657 2412 836 2491 peecatum.
873 2405 1013 2483 Quaevis
1045 2404 1107 2469 alia
1138 2405 1243 2469 huius
1274 2411 1364 2468 textus

293 2509 456 2597 expositio
475 2532 494 2575 a
517 2508 678 2575 nonnullis
702 2509 882 2593 excogitata
904 2507 1044 2574 violenta
1067 2516 1126 2586 est,
1143 2516 1176 2571 et
1205 2507 1247 2578 ab
1269 2511 1365 2589 Augu-

284 2611 372 2678 stini
394 2618 501 2677 mente
524 2632 660 2699 prorsus
683 2610 787 2676 aliena
811 2607 865 2698 (l).
1046 2678 1048 2683 ,
1393 2607 1408 2654 'l

384 2726 446 2790 Hic
469 2725 706 2812 ipsefidelium
730 2747 844 2792 sensus
867 2727 954 2791 circa
977 2724 1192 2790 omnimodam
1218 2728 1256 2792 B.
1270 2721 1364 2807 llirgi·

282 2828 347 2894 nis
368 2850 388 2894 a
411 2830 527 2917 quovis
549 2839 681 2917 peceato
698 2831 933 2895 immunitatem
950 2851 991 2894 ex
1008 2831 1071 2895 alia
1087 2830 1212 2916 Pelagii
1231 2827 1367 2895 obiectio

296 2955 337 3000 ne
360 2933 448 3022 apud
465 2956 490 3000 s.
503 2937 725 3022 Augustinum
741 2936 858 3001 elucet.
875 2937 1003 3001 Etenim
1020 2936 1073 3000 ille
1089 2934 1327 3012 haeresiarcha,
1340 2938 1366 2996 nt
1396 2903 1408 3011 ,l'

244 3058 246 3063 ’
296 3035 459 3102 evinceret
481 3059 576 3123 posse
598 3038 758 3119 hominem
781 3059 851 3104 esse
874 3036 996 3124 absque
1032 3046 1174 3124 peccato,
1198 3034 1363 3124 exemplum
1394 3023 1398 3065 l

282 3139 437 3225 'urgebat
459 3143 496 3206 B.
521 3142 668 3229 Virginis
696 3142 820 3209 Mariae
843 3143 894 3208 his
921 3140 1048 3210 verbis:
1073 3142 1179 3227 Ipsam
1203 3141 1362 3206 Domiaitt
1390 3130 1408 3204 ,ἶ

296 3242 476 3310 Salvatore‘s
498 3252 599 3311 nostri
619 3247 756 3312 Matrem
778 3253 842 3311 sine
860 3260 989 3334 peccato
1017 3252 1158 3334 confiteri
1179 3266 1299 3310 necesse
1319 3260 1361 3306 esst
1386 3221 1408 3335 ξ

291 3353 418 3444 pietati.
437 3351 581 3414 ¹Tantum
604 3371 681 3416 vero
705 3349 795 3415 abest
818 3359 856 3414 ut
878 3350 1085 3436 Augustinus
1115 3346 1150 3412 id
1172 3348 1320 3424 reliciat,
1340 3350 1361 3405 11¹
1386 3336 1408 3441 ΪῘ

52 3467 55 3472 ·
282 3451 382 3516 -illud
404 3452 520 3539 Probet
541 3453 646 3540 magis
677 3461 774 3541 alque
805 3443 971 3520 ⁰⁰¹¹film⁸l
995 3453 1120 3518 dl⁰⁰¹¹⁵²
1147 3451 1243 3528 Qu⁰d
1265 3440 1408 3561 ‘lilii

282 3593 286 3598 v
296 3559 422 3640 gratioe
445 3557 595 3645 collatum
617 3557 714 3642 suerit
733 3559 780 3625 'od
800 3558 985 3635 vincendam
1008 3560 1093 3624 orani
1110 3578 1149 3627 aar
1162 3568 1258 3642 parte
1275 3570 1360 3644 peeca-
1385 3556 1408 3640 ¹.

281 3668 381 3736 *aare
402 3680 482 3746 qaae
505 3666 663 3747 concepere
685 3674 714 3727 et
732 3684 847 3749 parere
868 3666 983 3727 meruit
1005 3681 1094 3750 qoem
1117 3671 1241 3727 conectet
1262 3657 1360 3725 nultra
1402 3641 1408 3669 ¹

171 3812 176 3823 .
281 3760 442 3828 -loboa'see
460 3775 625 3848 peccatam
651 3762 706 3851 (2).

281 4119 284 4124 ⁴
337 4073 373 4143 (1)
391 4075 451 4146 Adi,
460 4079 481 4129 si
490 4079 571 4146 lubet,
589 4077 810 4141 Plazzamop.eit.
899 4037 1062 4141 (23133116
1075 4071 1142 4126 Nat.
1155 4076 1179 4125 et
1194 4070 1295 4128 Gratia
1303 4084 1323 4122 c·
1331 4020 1366 4127 lli

281 4217 285 4226 .
303 4159 364 4243 Ᾱῦῑ·
382 4157 468 4250 ὄμη.
484 4161 511 4252 3
531 4159 559 4236 3.
576 4159 648 4249 lan·
665 4157 728 4218 378.
747 4176 817 4228 seqq·
870 4151 959 4239 alt,
977 4163 1034 4253 eol.
1047 4155 1108 4210 144.
1122 4242 1129 4250 .,
