2828 4904
73 466 252 534 oninanpu-
303 452 536 518 immunitatem
558 454 660 541 ipsam
682 451 722 520 alr
745 457 893 543 originali
908 479 1002 536 noxa,
1014 478 1111 544 quam
1127 456 1182 522 alii
1206 478 1368 545 oppugna-

73 538 251 660 ffimffiz't
302 555 379 622 hant
401 558 435 622 in
452 559 489 623 B.
506 557 651 645 Virgine,
669 559 724 624 alii
747 582 822 626 vero
848 560 1102 650 propugnabant.
1127 561 1249 628 Ceteris
1272 584 1367 650 porro

76 676 210 742 privilegii.
301 660 438 739 omissis,
450 661 535 726 inter
551 671 788 749 oppugnatores
802 666 975 753 praecipue
995 674 1201 730 recensentur
1212 667 1366 752 Magister

300 766 529 831 sententiarum
552 763 605 854 (1),
629 766 810 833 Alexander
837 768 984 834 Halensis
1007 792 1044 834 ac
1067 792 1092 833 s.
1118 770 1252 834 Thomas
1276 791 1365 857 prae-

299 871 410 937 sertim
421 871 455 936 in
467 870 594 937 Summo
607 867 660 959 (2),
674 892 710 936 ac
722 872 791 960 ipse
807 894 833 936 s.
847 874 1070 938 Bonaventura
1087 869 1141 961 (3),
1155 871 1241 959 quod
1257 880 1366 937 utrum

296 974 424 1040 admitti
442 974 565 1055 debeat,
582 976 731 1063 deinceps
754 977 980 1064 expendemus.
1005 978 1091 1041 Inter
1113 981 1366 1063 propugnatores

297 1078 501 1146 adnumerari
518 1081 619 1146 solent
634 1080 797 1146 Honorius
813 1079 1094 1167 augustodinensis
1112 1077 1165 1168 (1),
1178 1079 1367 1145 Guillelmus

298 1203 416 1271 parvus
440 1179 494 1270 (5),
518 1182 701 1250 Richardus
724 1182 836 1270 anglus
860 1179 915 1271 (6),
938 1185 1142 1249 Innocentius
1164 1185 1208 1248 IV
1233 1178 1288 1271 (7),
1307 1184 1368 1251 'Ca-

295 1287 385 1352 rolus
408 1308 426 1350 a
450 1286 574 1374 Spiritu
599 1295 719 1366 sancto,
743 1309 768 1351 s.
797 1289 914 1353 Petrus
936 1287 1127 1353 Paschasius
1158 1287 1281 1374 aliique
1306 1309 1367 1370 pon

215 1416 217 1421 ·
296 1390 392 1479 pauci
417 1386 469 1475 (8).
494 1390 614 1476 Negari
637 1389 723 1455 haud
738 1396 853 1476 potest,
877 1397 979 1455 aetate
996 1389 1061 1469 illa,
1082 1388 1122 1454 ob
1146 1389 1367 1454 auctoritatem

296 1494 469 1583 praecipue
482 1516 508 1559 s.
525 1493 681 1559 Bcrnardi
696 1501 729 1559 et
740 1495 890 1580 Magistri
907 1493 1367 1580 sententiarum,praevaluisse

98 1628 246 1690 prowm.
296 1601 381 1666 inter
405 1598 617 1664 Scholasticos
641 1600 827 1663 sententiam
850 1600 886 1664 B.
910 1597 1039 1684 Virgini
1060 1597 1218 1662 eiusmodi
1240 1596 1367 1683 privile

70 1705 140 1818 goras
169 1697 245 1819 ξῑξῗξ·
297 1703 387 1790 glum
409 1710 586 1788 negantem,
613 1703 660 1767 ita
682 1709 720 1767 ut
742 1702 829 1768 illam
851 1700 1049 1789 adoptaverit
1078 1721 1233 1786 suamque
1255 1699 1367 1765 lecerit

70 1783 128 1904 gfff
145 1782 207 1833 l11l¹
219 1785 246 1819 ι’
299 1805 412 1873 Schola
434 1805 600 1870 sorbonico
616 1805 758 1870 omnium
775 1805 980 1871 celeberrima
994 1801 1048 1892 (9);
1065 1803 1162 1868 donec
1179 1803 1212 1867 in
1240 1824 1366 1867 arenam

298 1908 461 1974 descendit
483 1907 676 1996 perinsignis
703 1910 835 1975 loannes
863 1911 953 1974 Duos
983 1909 1114 1987 Scotus,
1145 1907 1203 1994 qui
1226 1907 1364 1993 primum

296 2011 426 2090 Oxonii,
444 2009 558 2075 deinde
580 2032 656 2077 vero
677 2012 825 2077 Lutetiae
849 2021 989 2090 strenue,
1007 2032 1043 2074 ac
1060 2008 1198 2074 feliciter
1221 2008 1302 2074 adeo
1324 2009 1364 2074 al-

295 2117 472 2182 firmantem
494 2115 707 2202 propugnavit
729 2102 928 2196 seutentiam,
941 2123 979 2181 ut
995 2136 1032 2180 ea
1055 2113 1169 2178 exinde
1192 2113 1226 2177 in
1251 2113 1361 2179 scholis

296 2220 461 2287 catholicis
494 2218 686 2306 pedetentim
715 2219 905 2298 invaluerit,
928 2241 965 2285 ao
991 2218 1110 2284 festum
1144 2217 1358 2284 immaculatae

296 2325 518 2414 Conceptionis
541 2324 632 2412 longe
655 2326 781 2413 lateque
803 2325 837 2391 in
852 2324 995 2391 Ecclesia
1018 2321 1118 2389 luerit
1140 2330 1359 2410 propagatum.

336 3083 370 3156 (1)
387 3087 441 3138 Lib.
450 3081 476 3152 5,
485 3088 547 3137 uisa.
556 3081 581 3138 3·
848 3080 974 3136 uoluat.
984 3081 1107 3136 Maxima
1116 3079 1193 3134 Patr.
1199 3074 1292 3146 Lugdl
1298 3077 1355 3143 677,

333 3166 368 3237 (2)
384 3170 526 3223 Alexander
543 3173 575 3223 do
592 3172 667 3222 llales
686 3165 794 3224 Stemma
845 3175 909 3221 torn.
925 3163 961 3220 20
977 3170 1002 3219 in
1014 3169 1092 3232 capt
1108 3163 1185 3218 Cant.
1203 3181 1261 3230 pag.
1282 3161 1355 3217 1219.

298 3251 455 3324 Ttrotopua
462 3250 603 3323 p.lll‚q·9,
610 3256 700 3305 memb.
709 3249 737 3322 2,
746 3263 795 3304 art.
847 3254 930 3304 Huius
947 3258 1031 3304 tamen
1042 3252 1121 3302 rerba
1140 3251 1214 3301 nimis
1237 3249 1356 3316 generalia

294 3331 356 3409 1,2,
365 3334 418 3407 3‚4
427 3346 453 3392 et
461 3334 487 3393 5.
499 3340 525 3391 S.
536 3341 645 3390 Thomas
656 3335 673 3392 3
685 3354 709 3402 p.
718 3354 744 3404 q·
753 3331 798 3405 27,
849 3342 918 3388 sunt.

295 3441 332 3478 ar.
349 3419 375 3484 2,
392 3430 419 3477 st
435 3425 461 3474 in
484 3420 654 3492 compendio,
671 3425 740 3489 quod
756 3428 797 3473 est
897 3416 931 3490 (5)
950 3420 1025 3483 Apud
1038 3419 1135 3470 Strozzi
1145 3417 1191 3482 Op.
1201 3417 1246 3468 cit.
1255 3432 1281 3481 p.
1289 3416 1356 3481 1,111.

296 3507 458 3581 Opmeotom
474 3511 529 3562 eius
558 3510 695 3560 secundom
712 3521 738 3560 c.
753 3498 796 3558 24:
851 3501 878 3574 4,
890 3521 912 3557 c.
924 3501 967 3555 19.

293 3610 359 3662 quas
371 3599 430 3647 suot
441 3597 492 3646 duo
509 3600 634 3659 postrema
647 3609 667 3644 s.
681 3592 797 3644 lloctoris
900 3585 936 3656 (6)
954 3589 1030 3653 Apud
1042 3589 1166 3639 Marraoci
1178 3587 1204 3638 in
1216 3581 1357 3641 Bibliothe-

293 3695 380 3750 opara,
389 3684 465 3746 atque
476 3677 621 3744 imperfecta
631 3679 662 3729 ab
671 3693 703 3730 eo
711 3678 797 3728 relicta
850 3672 1066 3730 collusionem.
1078 3666 1139 3724 326.

293 3771 361 3816 sunt.
687 3757 688 3760 ’
902 3751 1355 3824 (llhpudMarraociiut'utalogoad

334 3845 366 3917 (3)
384 3851 414 3901 lu
425 3845 442 3902 3
453 3851 497 3900 lib.
515 3844 589 3902 Seut.
603 3845 662 3899 dist·
674 3841 701 3912 5,
712 3851 760 3897 art.
772 3841 799 3913 1,
851 3857 944 3895 annum
953 3836 1030 3893 1251.

293 3950 351 4000 opp.
361 3935 422 3986 edit.
434 3936 509 3986 Rom.
522 3927 600 4002 1596,
608 3935 669 3982 ton.
683 3924 707 3990 5,
719 3925 798 3999 1233,
901 3924 937 3993 (8)
955 3925 1032 3990 Apud
1045 3925 1141 3976 Strozzi
1153 3925 1204 3973 loo.
1213 3925 1258 3973 cit.

294 4034 364 4085 seqq.
741 3999 745 4007 ⁸
901 4006 937 4079 (9)
948 4009 987 4061 Cf.
996 4011 1089 4062 Gener.
1103 4004 1193 4059 Theoi.
1204 4003 1358 4074 dogmatico

335 4098 371 4169 (4)
379 4097 593 4168 raonsiputom
601 4095 800 4152 deotueMarioe
853 4091 1038 4149 scholasticae.
1057 4093 1152 4143 Romae
1164 4086 1243 4157 1767,
1265 4096 1328 4140 torn.
1339 4090 1360 4158 1,

295 4183 342 4241 udi
352 4190 520 4255 exponuntur
541 4181 652 4238 Castico
665 4180 767 4236 Cautio.
776 4182 804 4235 in
859 4177 957 4238 Prodr.
970 4179 992 4247 1,
1003 4191 1028 4230 o.
1037 4172 1063 4242 1,
1076 4171 1102 4243 S.
1115 4168 1158 4245 57,
1166 4179 1288 4262 controv·
1300 4171 1325 4230 3.
1352 4215 1354 4218 -
