2828 4904
547 314 723 384 ..91-

96 432 334 500 recentioribus
358 453 460 498 sermo
482 441 541 512 est,
565 435 726 521 conceptis
748 432 855 500 verbis
874 434 909 497 B.
923 433 1089 520 Virginem
1110 435 1174 501 ori-

96 540 178 626 ginis
202 538 279 603 labe
302 539 429 603 omnino
451 538 607 617 eximunt,
631 559 764 624 eamque
791 558 924 624 prorsus
939 539 1175 619 immaculatam

96 664 125 706 rc
149 639 486 706 immaculatissimam
508 641 701 727 praedicant.

184 749 231 808 At
255 742 386 809 concedi
410 765 449 808 ne
465 743 559 810 debet
574 746 684 810 Patres
700 766 818 823 omnes,
835 745 893 831 qui
913 745 989 811 huic
1008 747 1177 836 privilegio

96 850 266 916 adversari
277 848 438 928 videntur,
450 848 532 915 illud
543 852 649 938 reipsa
657 851 785 936 Virgini
797 845 989 936 denegasse?
1002 853 1176 921 Rationum
1190 864 1196 876 '

96 961 261 1019 momenta
282 950 459 1038 proferam,
483 975 567 1041 qnae
586 955 783 1020 contrarium
806 962 877 1019 cato
899 954 1033 1019 cuilibet
1052 964 1085 1020 et
1107 978 1176 1022 eor-

96 1054 170 1122 dato
187 1057 312 1120 bomini
326 1053 421 1121 facilc
443 1079 504 1122 non
528 1058 710 1125 suadebunt
732 1057 838 1135 modo,
854 1056 909 1122 sed
922 1040 1172 1144 persuadebunt.

187 1161 233 1224 Et
256 1180 331 1223 sane
346 1161 582 1246 praetermissis
599 1162 727 1227 illorum
748 1163 893 1240 Patrnm,
917 1162 976 1248 qni
995 1161 1035 1226 ad
1050 1163 1175 1249 priores

96 1270 247 1351 quatuor
262 1264 379 1328 classes
390 1265 564 1330 recensitas
575 1273 728 1352 spectant,
739 1265 940 1343 testimoniis,
954 1264 1084 1352 (quippe
1095 1287 1179 1352 quas

96 1366 209 1431 minus
234 1387 344 1452 presse
369 1388 437 1433 rem
459 1377 598 1434 nostram
609 1369 792 1454 attingunt,
805 1388 953 1455 quaeque
967 1367 1128 1434 commode
1143 1390 1182 1433 ea

96 1473 229 1537 ratione
254 1473 371 1559 exponi
391 1482 535 1561 possunt,
551 1496 616 1561 qna
630 1473 750 1540 biblica
770 1473 951 1538 testimonia
973 1473 1180 1560 intelligenda

104 1594 170 1639 csso
192 1573 416 1664 ostendimus),
437 1579 548 1643 Patres
564 1578 801 1664 scriptoresque
816 1576 1038 1655 ecclesiastici,
1060 1578 1117 1665 qui
1141 1576 1181 1643 ad

108 1681 254 1772 quintam
275 1682 437 1767 pertinent
451 1683 594 1762 classem,
617 1691 714 1769 atque
734 1681 774 1746 ab
796 1681 927 1747 adversa
950 1684 1090 1768 partein
1117 1702 1182 1747 me·
1286 1703 1290 1712 ·

104 1783 196 1851 dium
209 1784 450 1872 producuntur,
463 1793 538 1851 sunt
549 1786 722 1873 praecipue
737 1806 763 1849 s.
776 1786 990 1870 Augustinus,
1005 1807 1030 1850 s.
1047 1785 1184 1872 Fulgen-

104 1886 185 1966 tius,
194 1886 362 1953 Eusebius
378 1888 473 1976 vulgo
487 1889 674 1967 emissenus,
692 1886 875 1954 Ferrandns
887 1888 1053 1966 diaconus,
1075 1910 1100 1954 s.
1114 1888 1182 1954 Hil-

110 1986 312 2076 dslpbonsus,
330 2012 356 2056 s.
374 1993 488 2057 Petrus
503 1991 661 2070 Damiani,
678 1993 855 2078 Rupertns,
874 2012 901 2057 s.
916 1991 1086 2056 Ansclmus
1110 2013 1183 2056 can·

115 2094 294 2176 turriensis,
317 2098 411 2182 Hugo
432 2097 631 2175 Victorinus,
656 2117 692 2161 ac
708 2116 733 2160 s.
752 2095 951 2162 Bernardus:
968 2095 1076 2162 decern
1095 2095 1182 2162 vide-

105 2195 183 2263 licet
199 2218 221 2263 a
244 2199 398 2264 seculoV
420 2197 461 2263 ad
482 2198 557 2263 XII.

193 2303 299 2368 Porro
315 2325 357 2368 ex
370 2302 486 2369 horum
501 2323 635 2368 numero
651 2303 676 2367 ii
687 2307 789 2390 prium
807 2299 1007 2367 subducendi
1024 2308 1110 2378 sunt,
1124 2301 1182 2387 qni

106 2406 205 2473 dictis
229 2407 301 2472 suis
326 2407 391 2473 vim
413 2406 586 2472 detrahunt
608 2427 752 2484 omnem,
775 2414 833 2470 ant
854 2404 993 2470 maxima
1015 2403 1126 2469 saltem
1141 2426 1183 2470 ex

111 2516 201 2598 parte
224 2509 300 2574 aliis
322 2510 356 2574 in
377 2509 455 2575 locis
479 2518 670 2589 extenuant,
694 2509 752 2574 ubi
773 2531 839 2596 qua
861 2507 985 2573 luerint
1006 2515 1111 2572 mente
1133 2528 1184 2572 ac-

109 2615 260 2681 curatius
283 2622 457 2701 exponunt.
486 2615 685 2700 inquorum
708 2637 804 2679 censu
823 2634 955 2699 rnagnns
978 2611 1184 2698 Augustinus

109 2719 291 2806 principem
313 2718 435 2806 obtinet
458 2719 573 2783 locunt.
601 2719 772 2785 Enimvero
789 2739 863 2782 eum
886 2727 978 2783 antea
1000 2715 1184 2802 andivimus

113 2822 313 2909 profitentem
327 2842 361 2885 se
375 2821 458 2886 nolle
469 2832 600 2909 propter
616 2821 759 2887 honorem
773 2821 913 2898 Domini,
928 2843 998 2887 cnm
1010 2821 1045 2884 de
1056 2830 1184 2906 peccato

116 2931 232 3012 quur,
253 2925 362 2990 bebere
384 2927 419 2990 de
441 2937 550 2990 sancte
579 2926 700 3010 Virgine
724 2925 830 2989 illaria
859 2930 1088 3011 quaestionem,
1111 2927 1186 3009 quta

112 3034 222 3097 minus
245 3029 378 3117 quodsi
399 3031 475 3116 plus
494 3034 617 3113 gratiae
639 3031 788 3094 collatum
810 3031 905 3113 suerit
934 3029 978 3094 od
1002 3028 1186 3094 vincendum

113 3137 197 3197 omni
208 3130 249 3196 ex
265 3141 359 3219 parte
376 3143 548 3218 peccatum.
566 3130 695 3210 Quibus
719 3130 827 3196 verbis
851 3129 1012 3215 duplicem
1027 3151 1052 3193 s.
1066 3130 1186 3193 Doctor

116 3234 271 3302 rationem
293 3233 434 3313 adducit,
450 3256 551 3321 qnare
574 3233 714 3299 declaret
736 3234 818 3298 nolle
834 3255 868 3297 se
884 3232 1001 3297 habere
1024 3231 1187 3318 quaestio-

117 3358 185 3401 nem
208 3337 248 3402 dc
271 3340 308 3402 B.
325 3338 469 3423 Virgine,
492 3359 566 3403 cnm
589 3337 628 3402 de
650 3345 781 3424 peccato
801 3338 920 3422 agitur3
944 3335 1093 3401 videlicet
1115 3356 1188 3422 pro·

119 3448 188 3527 pter
218 3439 369 3505 honorem
398 3441 545 3520 Domini,
574 3449 606 3505 ct
634 3448 766 3528 propter
795 3440 957 3506 uberioris
981 3439 1103 3526 gratiae
1126 3437 1190 3503 col-

120 3543 278 3610 lationem.
301 3545 402 3610 Porro
424 3545 674 3632 utraque'ratio
697 3565 760 3608 non
781 3545 888 3608 minus
912 3543 952 3608 ab
976 3543 1095 3608 actuali
1117 3564 1190 3630 pec-

119 3658 207 3729 cato,
231 3670 329 3736 quam
351 3647 390 3716 ab
413 3649 562 3735 originali
590 3648 825 3713 immunitatem
847 3648 997 3735 requirit.
1025 3646 1128 3735 ldque
1150 3670 1188 3713 eo

118 3753 327 3821 confidentius
350 3750 585 3830 affirmandum,
603 3752 689 3839 quod
710 3753 782 3838 ipso
804 3752 991 3838 Augustino
1010 3750 1186 3834 magistro,

117 3866 322 3945 peoeatornm
342 3857 532 3943 praesertim
545 3857 712 3935 leviorum,
736 3856 915 3944 dequibus
938 3846 1009 3919 heic
1032 3852 1186 3938 disputat,

117 3952 264 4028 scatebra
275 3967 309 4026 et
323 3959 393 4025 lons
409 3983 427 4026 a
443 3962 614 4047 primaeva,
624 3982 706 4047 qnae
722 3962 755 4025 in
772 3982 828 4026 nos
844 3958 1006 4025 transfusa
1018 3966 1066 4024 est
1082 3957 1187 4044 culpa,

118 4065 217 4130 veluti
232 4063 401 4129 effectnsa
426 4085 522 4128 causa
546 4065 589 4128 sit
612 4064 793 4151 repetenda.
819 4063 961 4129 Indidem
981 4063 1065 4126 enim
1081 4061 1135 4127 illa
1155 4061 1190 4126 in

115 4189 171 4236 nos
201 4167 383 4235 debilitatio
398 4169 631 4256 infirmitasque
645 4169 815 4256 prollusit,
827 4189 898 4255 qua
913 4166 949 4231 fit
972 4173 1010 4230 ut
1024 4165 1108 4233 leves
1123 4165 1190 4232 cub

1260 2331 1357 2399 Patres,
1367 2336 1412 2398 qut

1234 2402 1360 2453 adversari
1372 2407 1411 2455 vi·

1235 2472 1337 2540 dentur,
1347 2474 1387 2524 die
1404 2512 1405 2516 ,

1252 2557 1297 2594 sus
1314 2545 1395 2596 smol·

1292 2614 1358 2666 liunt

1259 2951 1405 3018 &Augusti

1237 3037 1286 3072 nus
1303 3038 1380 3089 congr
1406 3048 1411 3069 -,

1238 3095 1330 3157 exponi
1375 3117 1395 3138 ιι

1239 3166 1289 3214 test
