2828 4904
92 443 180 507 riam
198 441 385 506 sententiam
400 439 618 503 concederent.
632 441 779 501 Attamen
795 458 851 502 acc
868 435 948 502 illud
970 458 1061 524 prae·
1109 476 1112 481 ·

92 547 179 611 idum
197 545 323 610 silentio
337 552 396 621 est,
418 544 527 628 negari
549 539 633 606 baud
651 562 741 628 pesse
762 541 932 629 pleresque
948 543 1059 607 Patres

92 649 198 714 rodam
221 649 254 714 in
276 651 313 712 B.
337 648 471 732 Virgine
495 646 694 710 sanctitatem
709 666 843 732 earnque
872 653 1059 732 perpetuam

92 754 277 839 regnavisse
293 761 323 817 ei
340 749 550 838 praedicasse.
568 750 703 816 Omissis
719 751 814 827 enim,
831 770 913 836 quae
929 771 969 814 ex
988 749 1060 816 Ori·

92 856 173 922 llata
190 865 275 934 sunt,
288 853 487 932 testimoniis,
501 861 611 940 utpote
624 853 734 917 saltem
755 853 911 938 suspectis
921 849 974 940 (i),
992 873 1060 917 cer-

92 968 126 1024 est
147 960 340 1025 vetustiores
358 958 540 1041 Arrgustiao
558 959 669 1021 Patres
684 965 716 1021 et
732 956 965 1020 ecclesiastices
982 957 1059 1021 scri-

92 1108 93 1113 1
111 1061 269 1139 docuisse,
284 1063 320 1125 B.
336 1061 500 1144 Virginem
517 1058 617 1123 luisse
630 1071 745 1125 terram
757 1060 998 1137 immaculatam,
1016 1080 1056 1124 ex

92 1166 265 1230 iermatum
281 1174 329 1228 est
350 1164 469 1229 Christi
482 1184 610 1249 corpus,
630 1172 726 1249 prout
749 1174 834 1228 terra
854 1165 1057 1229 immaculate

92 1279 98 1331 i
114 1268 179 1348 illa,
193 1290 309 1354 exque
321 1267 493 1355 plasmatus
509 1276 556 1331 est
568 1266 691 1353 primus
704 1268 807 1344 home,
821 1275 858 1331 ut
876 1266 1055 1332 vetustissi-

92 1383 182 1436 actar
197 1371 352 1458 epistolae
369 1371 493 1435 nomine
515 1369 775 1458 presbyterorum
799 1379 830 1434 et
849 1369 1057 1436 diaconorum

92 1498 122 1542 re
147 1477 294 1560 vulgatae
311 1475 449 1559 scripsit.
469 1474 622 1538 Similiter
638 1475 843 1559 incomperta
859 1481 917 1551 est,
937 1476 973 1538 B.
983 1474 1057 1539 Vir-

99 1602 176 1645 cum
192 1582 258 1644 Eva
276 1580 320 1643 ita
337 1578 376 1642 ab
394 1578 457 1640 iliis
478 1599 545 1642 esse
562 1586 784 1663 comparatam,
804 1585 840 1642 ut
855 1577 1058 1664 quemadmo-

92 1686 143 1749 lva
161 1683 265 1747 adbuc
289 1682 475 1767 incorrupta
487 1702 523 1743 ac
540 1702 671 1766 prorsus
685 1681 851 1759 innocens,
869 1701 926 1745 seu
950 1680 1058 1748 divina

95 1787 225 1870 fulgens
239 1785 277 1849 ab
290 1785 400 1869 engela
413 1784 617 1849 tenebrarum
630 1784 760 1849 seducta
769 1781 879 1862 luerit,
893 1784 939 1848 iiii
949 1806 1055 1850 assen-

92 1889 268 1967 cessando,
286 1890 332 1953 sic
352 1897 383 1952 et
401 1890 436 1952 B.
456 1889 554 1972 Virgo
578 1887 764 1973 incorrupta
776 1908 909 1974 prorsus
921 1897 953 1953 et
970 1889 1058 1955 nulla

97 1994 199 2079 eulpa
216 1999 272 2057 aut
289 1991 357 2057 labe
370 1990 484 2057 infecta
501 1991 621 2076 Angeia
630 1991 713 2057 lucis
721 2012 886 2061 assensum
903 1992 1058 2081 praebue-
1152 2038 1155 2043 -

92 2099 162 2164 tior
175 2107 281 2162 autem
292 2094 500 2161 fuissetEvae
513 2116 609 2182 quam
622 2096 744 2162 Mariae
757 2096 907 2176 conditio,
917 2099 945 2162 si
953 2119 1061 2165 macu-

92 2203 155 2266 =ius
169 2208 342 2285 conceptus
358 2199 535 2277 extitisset,
552 2199 697 2285 quamvis
713 2198 752 2263 ab
765 2199 899 2284 originis
908 2200 987 2265 vitia
996 2201 1059 2264 iam

92 2314 146 2370 ete
171 2302 371 2390 postmodum
394 2300 510 2367 suisset
532 2301 693 2369 mundata.
723 2304 822 2368 Perre
838 2303 957 2367 isthaec
977 2325 1061 2368 cem-

92 2431 104 2473 i
121 2407 209 2493 apud
226 2409 334 2470 Patres
351 2405 413 2470 luit
428 2407 615 2473 eommunis.
630 2409 798 2471 Praeterea
810 2405 908 2471 iidem
928 2405 1062 2471 tradunt

92 2522 154 2577 met
186 2511 328 2575 Verbum
351 2510 495 2576 divinum
518 2511 581 2579 sibi
597 2511 696 2575 veluti
713 2511 745 2574 in
761 2508 913 2597 tempium
932 2513 968 2575 B.
988 2511 1062 2576 Vir-

92 2763 182 2828 rigenis
192 2762 332 2812 tetimonie
344 2773 430 2826 quaes
440 2761 496 2823 plne
550 2757 590 2815 De
601 2756 677 2813 istria
690 2758 871 2827 eawerddiis.
881 2760 999 2815 Attamen
1013 2775 1058 2812 ex·

91 2848 130 2898 iae
142 2847 313 2897 adsertoribus
322 2845 495 2910 proferuntur,
547 2845 727 2909 ploratumnst,
735 2844 788 2894 illas
798 2845 863 2896 haud
874 2845 986 2908 origenis
996 2860 1058 2896 esse.

92 2947 103 2981 e
122 2930 168 2981 nes
187 2946 233 2981 sua
245 2931 437 2994 decimariam,
449 2931 495 2980 de·
548 2929 587 2980 Gi.
597 2931 717 2980 Raetiam
729 2932 752 2977 in
761 2926 932 2996 Ori’peitiattli
942 2930 984 2983 lib.
995 2925 1019 2982 3.
1031 2933 1055 2980 in

105 3021 164 3065 suut
182 3029 214 3065 ex
226 3012 306 3068 Ham.
324 3011 350 3065 i.
365 3027 400 3065 cc
410 3012 497 3068 decem
549 3011 690 3082 appendice
710 3011 735 3080 §-
745 3008 770 3065 5.
782 3026 845 3082 paq·
857 3005 917 3069 275:
931 3015 973 3064 ubi
985 3029 1059 3078 prae·

92 3099 152 3152 iaia
162 3097 279 3152 diuersae
288 3095 357 3150 locas
367 3096 441 3152 Neai
451 3097 495 3150 Tc·
549 3100 636 3165 mittit,
647 3101 689 3148 has
700 3098 813 3149 homitias
825 3097 903 3152 luisse
914 3113 928 3149 a
938 3099 1059 3166 Meritus,

92 3180 265 3251 scepticae.
277 3197 341 3234 rein
350 3195 437 3234 esser
447 3196 497 3233 nn·
550 3183 617 3248 quod
637 3183 677 3232 hic
690 3185 741 3245 ipse
760 3182 863 3238 latetur,
875 3197 889 3232 e
901 3184 975 3232 variis
993 3184 1055 3233 iacis

92 3282 144 3328 ’raa
156 3282 264 3317 necnon
277 3264 418 3318 efflemsi.
431 3262 455 3318 3.
469 3266 498 3319 in
551 3267 625 3318 simul
639 3269 768 3332 eniienim,
785 3270 811 3317 et
821 3281 852 3316 ea
870 3268 1001 3331 dispositas
1013 3282 1056 3318 or·

92 3349 168 3404 datiis
188 3364 442 3406 resecesnomrnr
454 3365 498 3403 are
549 3353 617 3418 dine,
628 3366 679 3416 qao
693 3366 777 3402 secum
794 3352 939 3406 iatsrnexee
956 3353 1061 3415 eoiiiga·

92 3451 106 3489 r
124 3451 159 3489 rr
179 3449 291 3490 somnrs
311 3448 432 3489 resera:
453 3438 498 3486 nd·
552 3442 642 3501 tesqua
663 3442 812 3491 cernuntur.
830 3437 926 3487 iieiade
948 3437 1059 3487 ostendit

92 3535 120 3570 ur
142 3535 202 3572 rere
219 3522 274 3572 aP.
289 3518 376 3570 Piezza
395 3533 434 3583 op.
454 3521 496 3570 cit.
553 3522 707 3583 argumentis
719 3527 773 3572 tum
790 3523 931 3572 intrinsecis
941 3527 997 3571 tum
1014 3535 1060 3571 er·

93 3609 152 3654 mrt-
163 3598 187 3654 3.
197 3606 331 3655 Testvii.
342 3619 397 3669 pag.
408 3599 459 3654 186
470 3618 500 3654 ex
554 3606 677 3670 trinsecis,
685 3619 726 3654 eas
736 3606 832 3669 spurias
841 3619 904 3672 esse,
912 3609 938 3656 et
947 3606 978 3655 ab
988 3606 1060 3668 igne·

92 3690 109 3738 is
118 3683 502 3752 aperib.edit.Paris.aan.l604.
555 3690 586 3739 tis
604 3691 766 3752 scriptoribus
778 3691 860 3740 latinis
871 3690 1007 3741 coniectas.
1020 3689 1058 3740 Ci.

92 3777 128 3825 iis
138 3775 240 3838 qrridem
257 3788 315 3825 rere
328 3775 432 3839 allegata
445 3775 500 3824 ioca
554 3776 630 3824 eiiam
639 3775 669 3825 1).
680 3775 801 3826 Geabardi
812 3772 993 3842 Petrelepiem
1003 3787 1060 3838 pag.

92 3858 195 3908 *ditione
208 3861 368 3921 reperiuntur
379 3874 386 3921 3
397 3861 500 3909 adnatat
553 3853 613 3909 139.
627 3865 652 3909 ei
674 3873 726 3923 seq.
740 3874 787 3910 nea
808 3874 858 3911 nen
875 3861 914 3912 le.
927 3857 1065 3910 Albertum

92 3943 499 3994 iiazzaduashascehamiiiasaen
553 3945 696 3995 Fabricium
718 3946 745 3995 in
771 3941 936 3998 Bibliotheca
959 3941 1064 3999 Graeca

100 4027 157 4091 iilis,
170 4041 231 4090 qrres
241 4028 272 4076 ab
284 4028 390 4091 Origene
400 4029 497 4079 abiudi·
554 4031 594 4080 ed.
619 4030 758 4094 Hemburgi
780 4024 843 4083 lthi
872 4043 930 4079 eum
960 4029 1065 4092 supple·

92 4112 244 4178 diremisse,
262 4118 287 4162 et
311 4114 404 4180 labbe,
422 4119 499 4178 cique
554 4115 643 4172 meniis
662 4116 803 4171 Heumenui
824 4114 875 4165 rei.
897 4115 954 4165 vii.
977 4115 1019 4165 lib.
1038 4108 1065 4169 5.

92 4197 149 4246 idus
158 4196 230 4246 Tem.
242 4196 285 4247 iii.
298 4192 499 4255 EreicmatciO.
556 4213 579 4248 c.
591 4195 616 4249 1.
630 4194 655 4266 S.
667 4192 711 4251 26.
724 4214 779 4265 pag.
791 4190 853 4266 233,
865 4212 891 4249 n.
904 4193 947 4249 ie.
