2828 4904
516 335 693 404 -ffl-

146 467 183 535 si
200 486 267 555 qua
283 482 360 530 vero
376 467 451 527 suut
466 478 551 546 quae
566 477 608 521 ox
623 474 705 520 novo
718 451 860 517 Foedere
872 449 1011 538 proferri
1028 450 1140 530 solent,

61 571 272 660 euangelica
299 566 491 657 praesertim
514 561 705 629 salutatione
733 558 919 644 deprompta
943 559 1021 622 Luc.
1048 560 1073 637 l,
1098 558 1142 623 28

57 700 160 767 seqq„
184 674 268 763 quia
289 672 368 738 hace
389 669 513 759 pariter
535 688 552 732 e
575 667 707 731 Patrum
730 660 952 749 explanatione
975 663 1039 729 vim
1063 662 1143 727 bau·

58 784 149 848 riuut
164 797 277 856 suam,
295 783 392 863 atque
406 794 465 860 per
481 792 515 836 se
537 768 618 835 nihil
643 786 741 854 supra
764 765 967 831 coniecturas
991 765 1142 855 suppedi-

60 893 139 964 tant,
155 902 244 971 quae
266 880 341 968 plus
363 878 510 943 minusve
532 872 572 939 ad
595 870 834 938 immaculatum
858 870 1003 956 Virginis
1025 872 1144 937 Conce-

62 996 153 1076 ptum
172 983 391 1052 adserendum
412 988 487 1046 suut
509 976 704 1065 probabiles,
719 996 776 1040 nos
794 973 914 1039 idcireo
929 973 970 1039 ab
986 974 1027 1040 iis
1044 975 1142 1040 etiam

66 1086 233 1167 adorandis
250 1083 509 1173 supersedemus.
535 1077 737 1146 commodior
760 1076 920 1166 siquidem
943 1088 1052 1167 postea
1075 1079 1141 1145 illis

65 1190 199 1259 ulterius
216 1187 374 1277 urgendis
395 1184 528 1251 dabitur
544 1183 645 1249 loeus.

417 1358 679 1437 CAPUT
736 1347 811 1432 X(

103 1534 235 1625 rasus
253 1572 312 1635 QUI
330 1569 374 1619 an
387 1568 609 1619 aucusutsum
628 1567 736 1628 usQus
752 1569 818 1615 PRO
837 1569 892 1619 ΡῙΛ
909 1570 1097 1620 SENTENTlA

402 1668 601 1719 nuenarius:
624 1669 799 1718 victurus

145 1836 293 1902 Frustra
309 1831 395 1920 apud
412 1830 543 1897 Sanctos
568 1834 693 1893 veteres
716 1828 897 1896 testimonia
920 1834 1078 1921 requires,
1103 1837 1137 1902 in
1186 1837 1366 1905 deutereses

62 1939 177 2027 quibus
196 1936 265 2027 ipsi
283 1935 444 2024 conceptis
459 1933 567 2000 verbis
583 1940 738 2010 asserant,
758 1931 883 1999 beatam
897 1935 1063 2023 Virginem
1080 1945 1138 2004 aut
1187 1916 1372 2047 {Jffi‘ffi

65 2040 249 2128 originalem
260 2038 366 2105 labem
377 2060 440 2104 nou
452 2037 662 2113 contraxisse,
671 2044 729 2101 aut
740 2036 1017 2126 eiusConocptum
1029 2041 1140 2108 imma.
1189 2050 1221 2100 ιιι
1253 2020 1374 2117 expiasse

66 2144 203 2213 culatuvu
218 2142 337 2210 luisse.
366 2140 514 2212 Nondum
529 2141 614 2207 euim
630 2161 688 2227 pcr
704 2161 773 2206 eam
790 2149 925 2208 aetatem
941 2144 1000 2209 bac
1016 2148 1140 2214 ratione
1193 2118 1314 2173 ‘mmuh‘

62 2258 163 2317 status
177 2247 431 2327 controversiae,
451 2245 478 2311 si
494 2265 566 2333 qua.
579 2242 690 2324 luerit,
707 2244 957 2332 proponebatur3
975 2270 1079 2336 noque
1094 2251 1140 2316 ita

61 2352 179 2419 diserta
204 2348 369 2419 eiusmodi
394 2346 552 2416 formulae
580 2355 656 2412 tuuc
683 2347 835 2434 temporis
862 2357 1010 2437 receptae
1037 2360 1140 2431 erant,

62 2462 157 2544 prout
177 2454 217 2523 iu
238 2452 390 2543 pluribus
418 2453 492 2519 aliis
518 2451 665 2518 articulis
692 2453 855 2531 usuvenit,
878 2453 936 2540 qui
963 2463 1073 2542 postea
1100 2456 1141 2523 ad

66 2568 181 2627 cartam
195 2556 465 2649 praefinitumque
481 2546 650 2622 lorluulam
666 2556 772 2621 exacti
788 2564 864 2622 sunt
878 2566 975 2646 atque
990 2561 1137 2626 normali.

66 2666 124 2731 llec
141 2662 223 2729 salae
238 2660 273 2727 id
288 2661 462 2751 postulant,
481 2668 538 2726 aut
560 2658 698 2748 reperiri
715 2660 910 2727 contendunt
926 2662 998 2750 piae
1014 2672 1138 2730 senten-

67 2766 121 2834 tiae
136 2763 403 2853 adstipulatores.
423 2761 637 2843 Quamobrem
660 2762 739 2828 satis
756 2762 818 2829 orit
835 2764 863 2829 si
880 2786 931 2829 res
948 2765 1018 2852 ipsa
1036 2766 1076 2832 ab
1091 2788 1145 2835 an-

68 2870 162 2959 tiquis
179 2868 344 2946 tradatur,
362 2875 459 2954 atque
481 2865 582 2931 huius
604 2867 779 2931 sententiae
803 2868 935 2949 semina,
958 2878 1016 2936 aut
1031 2873 1145 2957 germi-

70 2993 113 3053 m,
127 2978 170 3039 ut
180 2970 230 3037 ita
241 2969 367 3057 loquar,
380 2968 414 3034 in
430 2966 561 3033 illorum
571 2967 723 3054 operibus
736 2968 950 3052 inveniantur,
963 2994 1046 3060 quae
1058 2974 1146 3042 dein·

71 3096 135 3165 ceps
157 3074 263 3160 magis
285 3092 413 3159 semper
434 3092 471 3136 ac
494 3070 595 3157 magis
619 3069 740 3137 luerint
756 3072 925 3161 explicata.
949 3078 1050 3145 Porro
1066 3080 1144 3149 bace

72 3184 148 3271 sunt,
166 3194 253 3265 quae
268 3180 444 3239 assertores
465 3171 688 3238 immaculatae
712 3173 936 3263 conceptionis
958 3199 1071 3267 magna
1095 3204 1143 3248 se-

74 3276 201 3347 dulitate
219 3274 365 3365 undique
381 3274 563 3363 conquisita
580 3277 612 3341 in
628 3276 769 3344 medium
781 3281 997 3367 protulerunt.

8 3352 17 3470 ἱ
149 3384 238 3451 llum
250 3402 327 3450 vero
338 3402 396 3447 nos
407 3381 486 3448 baec
501 3403 542 3447 ex
554 3381 618 3446 illis
631 3381 850 3450 describemus
862 3389 1144 3469 testimoniumm-

8 3520 19 3553 ι
77 3486 134 3556 dam
152 3491 259 3577 logom
282 3495 391 3553 sancta
414 3487 625 3566 servabimus,
640 3509 737 3576 quam
758 3489 791 3553 in
815 3492 984 3558 allerendis
1006 3517 1065 3581 pro
1089 3497 1142 3562 ad·

78 3600 267 3685 versa'parte
290 3591 483 3659 testimoniis
506 3591 750 3657 custodivimus.
781 3593 904 3661 Ceteris
927 3596 1030 3683 igitur
1052 3621 1143 3686 prac-

8 3688 23 3807 2
79 3692 235 3785 termissis,
251 3716 336 3785 quae
358 3694 483 3761 nonita
500 3716 608 3782 presso
632 3716 700 3761 rem
715 3696 887 3784 attingunt,
911 3722 949 3767 ea
971 3723 1143 3790 perseque-

8 3850 27 3887 μ
80 3818 139 3871 aar
152 3824 241 3893 quae
257 3800 324 3867 buc
334 3798 472 3865 maximo
488 3807 642 3886 spectant.
665 3802 716 3865 Ex
732 3823 885 3886 quocum
901 3804 962 3870 alia
980 3807 1142 3873 commoda

13 3934 26 3967 ι
79 3912 131 3975 tum
144 3907 181 3975 id
197 3901 404 3996 potissimum
420 3911 646 3990 consequetur,
658 3912 696 3970 ut
708 3904 857 3973 brevitati
870 3909 1072 3975 consulamus
1085 3908 1138 3999 (ll.

8 4013 27 4133 ξ
93 4062 251 4135 ,(1)1)οοῐω
259 4057 582 4117 Petaviustlasarnut.
634 4064 748 4131 castigat,
766 4065 852 4129 quiin
871 4066 974 4116 citandis
992 4068 1138 4121 auctoribus

71 4146 107 4205 lib.
115 4154 192 4221 xlv,
205 4139 303 4217 cant,
312 4141 365 4216 §.9
375 4146 509 4217 scriptores
528 4146 583 4199 illos
635 4162 681 4210 pro
690 4150 729 4212 pia
738 4151 864 4202 sententia
876 4165 923 4201 msc
934 4151 1009 4207 tidem
1021 4151 1139 4206 adhibent
