2828 4904
107 746 250 803 lndnltnm

69 823 140 887 quod
180 823 251 870 aiunt

72 891 252 958 uregorttxvr

87 1278 163 1328 Rom.
184 1271 253 1322 Pon·

69 1347 252 1397 llllcumserirs

70 1430 117 1481 pro
129 1415 251 1466 eiusmodi

69 1488 142 1537 cultu

88 2442 154 2497 Eteri
165 2441 252 2507 nequit

82 2525 112 2568 ut
130 2516 240 2565 Ecclesia

71 2604 142 2640 saram
159 2587 206 2635 bac
227 2586 253 2635 in

72 2678 100 2712 re
113 2658 252 2710 doctrinam

72 2730 242 2785 immutaverit

753 322 937 391 -158-

304 440 353 527 gis
376 439 550 507 roboratur
573 459 639 527 qun
662 440 840 526 Gregorius
864 443 941 507 xvl
965 442 996 507 b.
1023 436 1118 510 mem.
1143 447 1206 512 Pon

303 546 401 611 acessit
415 545 574 634 episcopis
590 545 750 624 omnibus,
768 547 825 632 qni
843 570 861 612 a
879 569 969 611 sacra
988 548 1115 613 rituum
1132 550 1206 636 Corn

304 649 386 715 illud
395 658 551 737 peterent,
562 657 599 715 ut
607 649 788 715 sacerdotes
800 658 872 715 autc
885 653 1005 716 Missae
1018 674 1172 719 canonem
1184 655 1206 718 ir

302 752 539 840 praefarentur:
563 755 606 820 m
620 767 649 818 te
664 759 697 818 in
717 752 918 841 conceptione
939 758 1165 832 lanceatam
1182 780 1206 821 m

304 856 414 921 fideles
442 858 474 921 in
498 856 619 921 litaniis
646 857 822 920 lauretanis
856 858 994 923 Mariam
1023 858 1206 925 invocarent

303 967 368 1026 n'ne
391 962 458 1027 labe
477 964 627 1048 ora'pinola'
649 975 835 1049 conceptam.
853 961 890 1026 ld
906 963 992 1048 qnod
1021 965 1129 1051 reipsa
1150 987 1206 1043 mar

304 1088 343 1131 ro
365 1068 449 1132 sacri
466 1068 626 1132 antistites
649 1087 709 1153 pro
724 1066 794 1131 suis
809 1065 1012 1132 dioecesibus
1030 1091 1067 1132 ac
1084 1070 1206 1156 pleriqr

304 1191 414 1236 aarum
436 1169 632 1235 familiarum
655 1169 821 1255 praesules
841 1171 1048 1257 postularunt
1072 1171 1126 1260 (ll.

392 1273 518 1339 Exinde
534 1273 681 1340 norimus
697 1293 761 1338 non
778 1272 921 1338 fidelium
936 1278 1098 1341 communi
1114 1285 1206 1341 tantu

304 1377 403 1458 sione,
418 1378 518 1444 sedet
540 1379 766 1464 episcoporum
788 1399 847 1443 seu
866 1378 1077 1445 ecclesiarum
1101 1390 1206 1468 pastor

303 1483 472 1563 sententia,
489 1503 553 1547 nna
572 1503 647 1546 cum
665 1502 871 1547 romanorum
887 1483 1079 1548 Pontificum
1100 1486 1196 1563 serie,

303 1607 432 1676 quamn
455 1586 547 1652 Sixto
564 1586 608 1650 lv
626 1606 662 1649 ac
679 1584 828 1672 deinceps
844 1607 948 1672 usque
966 1586 1005 1651 ad
1022 1588 1117 1652 Pium
1134 1589 1184 1653 lx
1202 1600 1206 1666 t

300 1712 361 1780 pru
376 1689 541 1757 Ecclesiae
558 1689 728 1755 universae
743 1688 826 1753 hono
849 1689 1044 1755 incolumem
1060 1692 1151 1756 Deus
1170 1714 1205 1756 so

300 1792 415 1882 servet)
428 1816 447 1860 a
459 1793 674 1861 confirmando
686 1801 783 1880 atque
796 1793 1018 1881 amplificando
1026 1794 1085 1860 hoc
1099 1796 1193 1861 cultu

297 1900 389 1986 pium
405 1898 560 1986 placitum
582 1897 704 1962 fulciri.
729 1899 862 1984 Exque
884 1898 1080 1994 colligimus,
1099 1900 1206 1965 Eccles

295 2003 424 2069 veritati
436 2023 455 2068 a
467 2001 617 2090 pluribus
630 2003 695 2067 inm
706 2001 779 2066 inde
792 2002 910 2067 seculis
922 2025 958 2067 re
970 2004 1041 2089 ipsa
1051 2000 1206 2091 adstipula

297 2109 485 2175 immorare
501 2113 533 2172 et
549 2127 618 2173 eam
634 2106 803 2194 probasse,
819 2107 866 2172 ita
879 2115 917 2172 ut
931 2107 1145 2172 omnimodam
1158 2131 1206 2173 na«

298 2211 483 2291 titudinem,
501 2219 598 2299 atque
615 2232 679 2275 una
696 2210 779 2276 desit
800 2212 960 2296 formulis,
978 2232 1075 2298 quam
1093 2222 1206 2280 vocant

301 2335 367 2401 quc
383 2314 417 2380 in
440 2313 605 2399 dogmatos
628 2311 818 2398 dignitatem
841 2312 1038 2401 provehatur
1062 2312 1116 2402 (2).

391 2419 491 2483 Porro
507 2439 581 2485 cnm
592 2417 739 2483 Ecclesia
750 2417 851 2484 veluti
868 2420 997 2483 moralis
1012 2418 1205 2484 consideran

304 2546 381 2595 sonu
398 2532 494 2609 atque
509 2521 688 2600 individua,
702 2542 786 2608 quae
803 2542 821 2585 a
837 2523 940 2609 prima
962 2522 1013 2586 sui
1032 2522 1206 2588 institutior

304 2629 433 2697 sibimet
459 2629 522 2715 ipsi
552 2629 718 2705 constitit,
744 2635 841 2713 atque
868 2626 908 2692 ad
935 2626 1028 2690 linem
1056 2650 1163 2714 usque
1192 2651 1206 2693 s

305 2739 489 2802 severautcr
505 2730 676 2811 constabit,
695 2731 764 2796 lieri
781 2732 910 2796 omnino
927 2732 1051 2818 nequit,
1069 2740 1107 2796 ut
1124 2733 1206 2798 diver

302 2835 494 2926 profiteatur
521 2835 720 2913 doctrinam,
744 2836 847 2900 multo
869 2856 945 2900 vcro
968 2836 1076 2899 minus
1105 2835 1155 2899 illi
1179 2859 1206 2901 cr

300 2962 398 3031 quam
421 2940 604 3028 antiquitus
627 2939 771 3028 professa
796 2939 898 3005 luerit
920 2947 1017 3026 atquc
1045 2941 1200 3006 tenuerit.

299 3047 403 3134 igitur
433 3044 599 3112 Ecclesiae
631 3065 745 3110 sensus
776 3050 808 3109 et
840 3042 998 3130 professio
1031 3044 1118 3108 circa
1148 3045 1206 3109 imr

301 3154 337 3216 Β.
359 3150 505 3237 Virginis
529 3171 548 3214 a
570 3148 762 3237 primigenia
784 3147 872 3226 labe,
896 3170 959 3214 non
986 3156 1035 3212 est
1063 3148 1128 3213 nisi
1154 3149 1204 3213 ult

299 3254 553 3333 diximus,illius
571 3253 723 3338 germinis
740 3251 913 3339 explicatio
929 3251 1016 3337 quod
1033 3273 1159 3338 semper
1177 3253 1206 3317 in

299 3382 335 3424 nc
357 3359 475 3448 viguit,
493 3358 637 3445 adeoque
661 3357 843 3424 traditionis
861 3357 987 3423 divinae
1005 3364 1103 3445 atquc
1127 3379 1205 3446 apos

300 3632 483 3690 col.l494.lam
493 3652 554 3688 vero
564 3642 618 3686 turn
631 3635 746 3687 omarum
758 3641 809 3687 tum
863 3636 911 3702 ott,
922 3636 951 3688 in
971 3633 1045 3688 caius
1058 3632 1145 3688 locum
1158 3632 1206 3687 ulit

301 3723 378 3773 Missa
405 3721 526 3773 eiusmodi
552 3721 685 3771 obticuere
705 3722 730 3769 tn
757 3720 809 3768 Ec·
867 3717 1050 3788 officiumque
1069 3717 1206 3770 etiamnun

301 3810 375 3860 clcsia
387 3812 502 3860 universa
514 3823 595 3871 usquc
607 3808 637 3857 ad
650 3808 810 3857 reformatio·
862 3807 907 3857 tud
927 3813 1010 3856 tamen
1024 3806 1141 3856 Officium
1159 3821 1190 3856 ex

300 3909 358 3944 nem
372 3894 479 3944 blissalis
497 3907 527 3942 ac
544 3891 665 3942 Breviaril
683 3892 808 3942 Romani.
863 3892 952 3941 stolico
979 3891 1141 3940 retinuerunt
1163 3892 1206 3951 lter

301 3993 366 4047 quae
386 3978 452 4030 tacta
465 3983 503 4028 est
520 3992 535 4028 a
548 3991 567 4026 s.
581 3976 627 4026 Pio
637 3976 670 4040 V3
682 3977 725 4038 qui
737 3981 767 4025 ut
779 3977 814 4025 to·
866 3989 924 4024 cnm
937 3989 966 4024 ac
975 3975 1121 4024 lusitanum.

299 4064 386 4129 quitur
395 4061 546 4112 Benedictus
555 4060 616 4111 xlv
631 4055 749 4125 Deseritis
758 4072 812 4122 cap.
899 4055 934 4116 (tt
946 4057 984 4107 (Il.
999 4058 1182 4121 Appendicem.

304 4144 347 4203 15:
361 4145 386 4217 S.
397 4139 433 4199 22
455 4144 572 4216 Officium
583 4144 653 4200 illaad
665 4143 752 4197 minuc
764 4159 811 4213 op·
901 4137 936 4211 (2)
950 4145 1048 4194 videsis
1058 4146 1159 4194 Gnerra
1171 4159 1205 4210 op

301 4229 518 4300 pusitescriplum
527 4243 541 4282 e
551 4227 814 4282 Breuiurtbrmnmc·
868 4233 991 4291 patroclum
1012 4222 1037 4279 5.
1052 4242 1077 4278 ιι.
1091 4222 1135 4278 61.
1149 4243 1206 4294 serp
