2828 4904
372 431 622 519 PARS
692 430 729 518 Ι.

226 596 876 688 ntsnonrcocntstca

96 953 181 1020 stulat
204 963 291 1020 recte
310 955 459 1020 instituta
482 955 672 1036 methodus,
690 966 727 1022 ut
745 958 936 1045 priusquam
953 958 1088 1023 historia

96 1060 253 1146 fiscumque
266 1059 500 1124 controversiae
514 1060 670 1139 tradatur,
684 1061 717 1125 in
733 1083 799 1148 quo
810 1060 919 1125 eadem
935 1061 1090 1128 consistat
1164 1065 1323 1122 &atravat-

96 1184 110 1226 e
126 1185 163 1227 ac
181 1163 293 1250 paucis
310 1163 509 1249 explanetur.
530 1165 615 1229 Haec
632 1164 735 1250 igitur
751 1164 790 1230 de
806 1186 870 1252 qna
884 1146 988 1230 sermo
1004 1165 1038 1230 in
1050 1187 1089 1231 co
1143 1141 1196 1193 '¹⁸‘
1211 1148 1297 1193 '‘m‘'

96 1266 196 1352 posita
210 1273 321 1345 est,.ut
332 1265 545 1353 disquiratur,
560 1276 672 1331 utrum
683 1275 808 1334 constet
820 1269 857 1333 B.
871 1268 1039 1355 Virginem
1055 1268 1089 1334 in

96 1393 131 1434 cc
143 1390 242 1455 qnam
253 1377 369 1434 vocant
381 1369 586 1456 conceptione
598 1367 718 1459 anull),
728 1391 786 1437 seu
798 1371 926 1458 quando
937 1371 1009 1437 eius
1022 1372 1090 1437 ani-

96 1472 111 1536 i
122 1472 361 1537 informandum
373 1493 489 1558 corpus
502 1472 628 1538 condita
641 1475 736 1538 aDeo
744 1481 804 1554 est,
812 1476 1011 1541 contraxerit
1020 1494 1092 1541 nec-

99 1577 221 1641 tceteri
234 1575 438 1640 omnesddae
453 1577 584 1663 posteri,
593 1576 781 1664 originalem
792 1577 905 1646 lahem.
915 1579 1091 1659 Veletiam,

96 1679 150 1764 igis
164 1679 323 1758 arriserit,
337 1701 410 1744 cum
422 1680 773 1767 peccati'primordialis
786 1683 869 1748 ratio
878 1705 918 1749 ex
929 1685 1092 1751 communi

96 1782 242 1868 logorum
260 1783 387 1870 placito,
403 1784 635 1870 praeeuntibus
651 1786 799 1852 dnselmo
821 1795 853 1852 et
869 1789 1042 1876 Aquinate,
1059 1788 1093 1853 iu

96 1908 128 1951 ae
152 1887 382 1952 sanctificantis
410 1907 467 1951 seu
489 1886 654 1973 originalis
672 1889 817 1956 iustitiae
834 1892 1014 1980 privatione
1030 1893 1092 1959 sita

96 1994 115 2076 l,
127 1992 301 2077 quaeritur
314 1998 425 2055 utrum
445 1998 567 2056 constet
584 1991 746 2058 conditam
765 1992 868 2061 luisse
888 1998 925 2062 B.
951 1995 1095 2085 Virginis

96 2215 275 2282 *aeonceptia
285 2216 522 2281 inquitnenediotua
576 2216 696 2280 inscripto
711 2213 750 2269 Da
763 2215 873 2270 Peccata
892 2215 1098 2287 originalivel.

96 2301 233 2363 dupliciter
253 2300 332 2364 accipi
355 2305 457 2364 potest,
480 2299 522 2351 rel
574 2313 620 2350 un.
644 2301 671 2350 in
690 2295 718 2351 t.
741 2299 834 2352 Venct.
856 2295 936 2355 1757.
958 2303 1097 2368 Postquam

96 2389 118 2436 st
126 2384 228 2451 action,
237 2384 264 2434 io
275 2399 324 2449 qna
337 2385 415 2435 sancti
427 2385 457 2434 B.
467 2384 524 2434 Vir·
575 2395 630 2446 cap.
651 2378 686 2436 58
710 2388 812 2448 patrum
829 2386 1027 2438 tridentinorum
1050 2387 1099 2438 do-

96 2464 525 2536 arentescperamoritulr't‘ncicem
577 2466 684 2519 ctrinam
695 2470 728 2520 da
739 2469 789 2520 hoo
806 2475 956 2532 argumento
972 2483 1099 2536 οιροωο-

96 2551 184 2604 tenos
199 2549 523 2620 praecinctionemque
576 2550 624 2618 rit,
644 2553 774 2604 concludit
792 2547 817 2622 S·
829 2547 857 2607 5.
875 2572 886 2598 a
902 2554 1035 2618 Originalls
1057 2555 1098 2606 lu-

96 2635 282 2706 respectabant
291 2635 418 2704 adipatae
430 2647 523 2702 corpo·
576 2635 662 2687 stiriae
680 2639 746 2689 dona
769 2637 958 2691 ineruntddae
978 2641 1096 2691 collatu

96 2720 520 2788 actionem,orpanizattoaem,ct
576 2723 640 2790 Deo,
658 2723 728 2773 velut
746 2723 828 2787 primo
848 2725 962 2775 omnium
979 2728 1099 2789 postero·

96 2805 200 2858 tionem
212 2804 248 2858 ad
259 2804 437 2872 recipiendum
460 2807 522 2858 orri-
575 2820 632 2857 rum
643 2806 751 2872 parenti,
761 2820 805 2857 seu
815 2808 889 2872 capiti
900 2811 979 2859 totins
988 2813 1097 2858 naturae

96 2887 255 2942 misenatem
274 2886 361 2940 clleo
379 2887 522 2954 inscndan-
575 2890 858 2954 humanae,quacinao
870 2892 1099 2953 contracertantes

96 2971 131 3023 rel
144 2978 186 3023 est
192 2972 312 3041 pessino,
324 2986 382 3022 cum
392 2974 522 3024 rationalis
575 2987 658 3036 eoque
670 2987 716 3036 per
728 2975 917 3037 generationem
934 2973 1096 3040 propaganda

96 3071 157 3108 cnm
174 3072 282 3120 corpore
299 3059 443 3120 copulatur.
456 3054 521 3123 Ipso
574 3056 667 3108 luerat.
678 3057 752 3120 Quod
761 3072 823 3122 ergo
832 3072 952 3124 magnum
962 3063 1096 3123 pacostaus

96 3158 106 3194 e
121 3139 222 3210 infusio
231 3146 256 3194 ct
267 3139 332 3193 unio
343 3155 401 3193 cam
413 3154 522 3209 corpora
575 3143 688 3205 peccavit
697 3143 750 3208 ille,
758 3157 810 3193 non
823 3145 904 3207 ipsum
916 3145 990 3195 laesit
1002 3144 1097 3210 solum,

106 3223 520 3293 organizatovttlgonomc'rtutur
573 3227 618 3277 scd
627 3226 706 3290 ipsam
715 3228 791 3278 etlam
800 3234 917 3279 naturam
926 3227 1098 3280 humanamin

96 3310 132 3363 tio
149 3308 277 3378 passivo,
291 3322 360 3377 quoe
378 3306 476 3361 scilicet
490 3306 523 3376 fit
575 3309 630 3373 ipso
650 3315 804 3379 contentam,
815 3325 941 3376 excoque
959 3312 1099 3378 propagata*

96 3408 126 3444 so
147 3391 278 3460 instanti,
304 3407 357 3462 qno
378 3391 521 3445 rationulis
574 3393 641 3444 dam.
651 3395 753 3446 scincet
765 3396 791 3445 in
800 3401 903 3458 accepta
911 3387 1066 3447 rectitudine
1075 3396 1097 3446 si
1148 3383 1151 3390 ’

104 3476 211 3547 corpori
222 3476 340 3530 omnibns
350 3475 471 3531 membris
489 3490 520 3528 uc
572 3480 727 3541 perstitisset
736 3477 828 3547 Adam,
838 3494 898 3531 cum
909 3480 1061 3531 rectitudine
1070 3483 1097 3530 et

96 3561 187 3628 rgonis
205 3561 339 3614 constanti
360 3561 472 3629 undar,
492 3566 521 3613 ut
576 3561 693 3631 iustitia,
713 3575 744 3613 ac
767 3564 899 3614 sanctitate
918 3566 970 3614 nati
989 3562 1098 3613 tuissent

96 3647 522 3710 iisTheologisaitFrasseninSco·
574 3649 838 3714 quiexeo,tanquam
846 3647 928 3710 primo
938 3647 1021 3710 stirpis
1030 3645 1098 3709 prin·

95 3733 155 3782 lem.
166 3732 240 3782 Tom.
250 3727 274 3782 8.
285 3724 517 3785 esicnommtta
574 3733 651 3800 cipio,
665 3737 866 3797 propagarentur
877 3732 981 3796 posteri:
1000 3731 1031 3779 ab
1040 3730 1096 3792 ipsc

97 3815 143 3865 stis
164 3815 210 3865 lib.
221 3806 249 3865 2.
267 3828 292 3864 c.
306 3808 349 3865 l5.
365 3829 392 3865 n.
413 3811 439 3865 1.
457 3816 519 3866 edit.
573 3817 693 3866 nimirum
705 3816 893 3880 conceptionis,
905 3820 949 3865 aut
963 3811 1097 3863 infusionis

102 3893 163 3952 751.
176 3898 299 3965 nomm)
575 3903 673 3952 animas
684 3901 786 3951 metanti
798 3903 922 3962 acceptae
935 3899 988 3947 lieo
1000 3893 1097 3948 meato

97 3984 297 4036 accuratissime
308 3983 340 4034 de
352 3985 446 4047 peccati
468 3987 522 4036 ori-
574 3982 734 4038 rectitudine
752 3999 797 4048 per
815 3982 920 4047 gratiam
938 3979 1098 4031 sanctifican-

96 4073 188 4120 natura
200 4067 301 4118 disserit
310 4068 400 4118 doctus
409 4069 520 4120 P·Bern.
575 4075 637 4136 tem,
645 4083 704 4120 cum
712 4068 829 4139 perfecta
839 4064 912 4116 simul
921 4062 1046 4114 rationem
1056 4064 1096 4113 ia-

96 4154 130 4206 de
147 4152 247 4205 Ruheis
259 4151 321 4202 Ord.
337 4152 427 4204 Praed.
440 4154 466 4204 in
478 4167 521 4217 op·
574 4158 615 4208 ter
625 4157 652 4207 et
662 4153 803 4219 appetitum
814 4148 965 4202 sentientem
986 4158 1094 4199 conam»
