2774 4906
744 304 927 375 -110-

75 441 242 505 (Μουκι-
384 426 533 505 Quatuor
554 446 595 490 ex
619 422 715 490 dictis
738 436 926 512 argumenta
949 429 1125 517 praecipua
1150 439 1246 509 sunt,
1263 434 1363 519 quihus

63 520 241 632 ‘ww
292 530 474 601 adsertores
497 527 726 597 translusionis
748 533 873 618 peccati
895 533 930 597 in
952 535 1118 613 Mariam,
1141 557 1237 601 snam
1255 547 1364 604 senten

84 653 217 704 ieonum.
293 638 370 702 tiam
393 635 562 701 adstruere
584 635 806 700 connituntur.
834 635 1019 701 Communis
1048 640 1267 723 generationis
1296 643 1377 705 ratio

245 788 248 793 -
293 761 352 829 per
366 739 472 827 ipsius
488 747 658 824 parentum
668 740 962 825 concupiscentiam
977 737 1133 827 perlecta3
1150 745 1378 831 peccatique*

97 898 243 949 Eorumm
293 844 406 910 dicunt
424 829 655 930 poenalitates,
677 841 800 929 quibus
822 844 920 906 etiam
944 846 981 907 B.
1005 843 1108 930 Virgo
1129 843 1196 911 init
1231 846 1378 930 obnoxie·

62 975 200 1020 mereatur
216 975 244 1020 er
293 948 467 1014 necessitas
490 967 527 1011 ac
547 954 663 1011 natura
686 945 915 1033 redemptionis
938 968 1003 1033 qua
1026 949 1134 1015 Maria
1148 948 1314 1036 indignit3
1328 951 1378 1017 de.

62 1039 243 1173 qud-'duddmgo-
292 1074 381 1118 mum
412 1052 518 1117 carnis
551 1052 624 1116 eius
654 1071 729 1117 cum
759 1059 941 1117 ceterorum
959 1051 1144 1132 honrinum,
1160 1075 1221 1119 sen
1246 1055 1368 1121 fidiora·

80 1182 218 1241 ,mitons
293 1157 382 1224 Adae
416 1178 512 1222 carne
539 1154 740 1233 similitudo,
768 1176 853 1242 quae
879 1156 914 1220 in
945 1157 1118 1236 omnibus,
1147 1180 1214 1224 uno
1236 1168 1369 1245 exempto

91 1251 217 1311 ”mmm
294 1261 445 1338 Christo,
470 1279 546 1324 caro
570 1255 635 1323 tuit
655 1258 792 1345 peccati.
816 1258 937 1344 Negoti
965 1258 1060 1325 hand
1076 1268 1183 1348 potest
1206 1283 1271 1327 non
1293 1263 1379 1377 mini-p

292 1385 386 1442 mam,
411 1363 654 1450 specietenus,
678 1362 757 1426 hace
780 1361 981 1449 praeseferre
1003 1361 1240 1430 difficultatem.
1262 1366 1379 1433 Verus·

291 1491 352 1533 non
375 1465 535 1532 eiusmodi
547 1474 634 1545 sunt,
652 1474 691 1531 ut
705 1474 867 1551 nequeant
882 1487 956 1532 eum
972 1468 1025 1554 pia
1046 1469 1206 1534 sententia
1222 1468 1371 1558 componi.

379 1572 422 1635 Et
443 1592 521 1635 sane
541 1567 673 1656 quidem
696 1570 874 1634 communis
890 1571 1105 1654 generationis
1122 1572 1207 1636 ratio
1226 1570 1262 1636 id
1282 1590 1372 1637 unu!

291 1675 355 1740 sibi
371 1673 568 1754 vindicat,ut
580 1675 618 1738 B.
632 1674 733 1759 Virgo
744 1674 776 1739 vi
788 1673 975 1738 huiusmodi
986 1676 1224 1760 procreationis
1236 1674 1372 1741 debita!

290 1780 414 1867 peccati
428 1777 635 1843 contrahendi
648 1778 836 1855 incurrerit,
849 1777 936 1864 quod
953 1779 1059 1864 reipsa
1074 1780 1307 1860 contraxisset,
1323 1778 1373 1845 nist

290 1884 447 1950 divinitus
460 1882 564 1968 gratia
578 1880 698 1946 fnisset
713 1890 955 1967 antcoccupata,
968 1904 1034 1968 qua
1050 1882 1123 1947 eius
1139 1883 1249 1948 anima
1264 1884 1300 1948 in
1315 1885 1371 1972 ipo'

290 1987 463 2053 creationis
479 1993 638 2050 momento
653 2008 671 2049 a
691 1988 760 2050 Deo
777 1983 894 2050 donata
914 1981 991 2062 tuit,
1008 2006 1082 2050 cum
1097 2007 1220 2073 corpus
1243 1987 1374 2074 primun

204 2126 208 2132 ·
291 2089 466 2156 informare
483 2091 599 2178 coepit.
618 2091 779 2168 Quoniam
793 2112 871 2156 vero
886 2089 964 2155 haec
987 2091 1070 2155 ratio
1089 2112 1187 2155 unam
1207 2091 1273 2156 Dei
1290 2088 1374 2157 Geni·

291 2196 406 2260 tricem
421 2194 535 2280 tangit,
550 2194 773 2280 consequitur,
785 2214 848 2258 non
865 2191 938 2257 ideo
954 2190 995 2257 ad
1010 2191 1156 2258 eiusdem
1168 2192 1367 2278 Virginisge·

291 2299 415 2364 nitores
436 2319 542 2385 neque
564 2296 842 2385 adprogenitores
859 2317 918 2361 seu
932 2296 1097 2383 proximos
1113 2317 1172 2360 seu
1187 2316 1295 2384 prope
1308 2314 1370 2383 pro

291 2403 406 2482 simos,
420 2401 579 2468 eiusmodi
591 2423 685 2488 posse
703 2409 759 2464 aut
771 2399 888 2465 debere
903 2399 1110 2487 privilegium
1125 2399 1274 2479 extendi,
1291 2418 1372 2465 eccm

293 2528 330 2572 ac
346 2508 498 2573 adversae
521 2505 696 2570 sententiae
720 2504 847 2591 patroni
870 2503 1019 2570 concludi
1039 2512 1189 2590 oportere
1214 2505 1373 2570 affirmant.

98 2615 243 2666 cernuum
384 2609 512 2673 Adeas
535 2614 643 2672 autom
660 2606 747 2693 quod
775 2608 890 2672 attinet
912 2606 1069 2672 humanae
1092 2615 1232 2671 naturae
1254 2605 1377 2672 infirmi-

65 2687 244 2823 gffiffgffi
298 2721 391 2791 tates,
414 2734 499 2799 qaae
521 2732 607 2776 nunc
625 2713 834 2799 poenalitates
857 2711 1023 2790 dicuntur,
1047 2708 1379 2799 exploratumeonics·

95 2824 204 2878 niteas.
296 2834 432 2901 samque
455 2812 543 2901 apud
574 2813 750 2900 Theologos
772 2823 842 2892 est,
865 2835 920 2880 aas
942 2836 1005 2879 non
1028 2816 1076 2880 ita
1096 2815 1137 2879 ab
1160 2814 1303 2902 originis
1320 2832 1380 2902 pot·

295 2926 367 2986 cato
388 2918 570 2983 necessario
592 2939 679 2982 nexu
702 2917 853 3004 pendere,
867 2926 905 2983 ut
921 2919 1091 3006 provenire
1114 2918 1213 2983 etiam
1236 2940 1302 2984 non
1317 2936 1378 3006 pos

295 3025 396 3089 sinte
420 3021 486 3086 sola
503 3019 591 3088 Adae
607 3021 713 3108 culpa,
727 3022 874 3109 quamvis
891 3021 969 3086 haec
981 3020 1091 3086 eadem
1107 3020 1204 3109 culpa
1221 3028 1377 3088 contracta

294 3127 422 3204 nonsit,
435 3133 492 3190 aut
508 3124 619 3190 saltem
635 3122 737 3189 luerit
752 3124 867 3190 deleta.
885 3125 1057 3190 Enimvero
1068 3125 1103 3189 in
1117 3123 1211 3190 nobis
1227 3120 1377 3191 eiusmodi

291 3231 496 3320 poenalitates
519 3235 657 3304 manent,
678 3227 753 3292 lieet
777 3228 1028 3313 regenerationis
1044 3227 1171 3293 lavacro
1188 3229 1321 3315 penitus
1334 3225 1377 3293 dc

293 3335 357 3400 leta
381 3333 549 3418 originalis
578 3328 681 3396 luerit
704 3331 840 3412 maenia3
859 3331 954 3396 immo
977 3331 1005 3396 si
1029 3328 1068 3413 de
1090 3331 1132 3396 iis
1155 3338 1294 3396 naturae
1316 3349 1374 3418 per

295 3435 498 3524 passionibus
528 3455 632 3500 sermo
654 3435 714 3512 sit,
737 3455 822 3522 quae
839 3435 986 3523 physicae
1010 3433 1103 3521 plane
1125 3442 1202 3500 sunt
1218 3436 1370 3521 omnisque

288 3541 508 3628 ‚turpitudinis
530 3548 706 3628 expertes,
734 3540 918 3604 cuiusmodi
942 3550 1017 3606 sunt
1048 3549 1080 3606 et
1103 3538 1227 3620 fames,
1253 3548 1286 3606 et
1315 3536 1368 3604 sitis

292 3657 327 3712 ot
350 3643 538 3731 defatigatio
568 3645 713 3731 corporis
741 3644 887 3731 aliaeque
915 3643 949 3709 id
972 3666 1092 3730 genus,
1117 3645 1173 3711 has
1196 3645 1327 3732 quidem
1346 3644 1367 3704 et

294 3752 365 3838 ipse
387 3771 501 3837 passus
525 3758 573 3813 ost
596 3749 745 3814 Christus
758 3771 817 3834 pro
834 3749 991 3813 hnmanae
1015 3771 1112 3835 quam
1135 3749 1312 3836 assumpsit
1328 3763 1366 3809 na

295 3863 390 3921 turae
419 3852 624 3930 conditione,
657 3853 737 3939 quin
768 3862 872 3918 tamen
906 3874 1008 3917 noxae
1042 3852 1191 3938 originali
1223 3849 1363 3917 obnoxias

296 3955 409 4035 fuerit,
433 3965 490 4032 aut
513 3977 588 4021 vcro
610 3956 706 4020 otiam
729 3976 800 4019 esse
823 3954 967 4042 potuerit
989 3952 1043 4041 (l).
1069 3955 1231 4034 Quocirca
1255 3961 1363 4020 natm·

332 4097 368 4168 (1)
384 4101 550 4166 Cl.superius
561 4103 637 4151 dicto.
656 4101 714 4151 Huc
733 4101 816 4152 retar·
868 4103 903 4152 sta
923 4104 988 4154 inter
1001 4101 1144 4166 Philippum
1164 4102 1283 4153 abbatem
1294 4101 1360 4150 now

294 4190 342 4236 tur
359 4186 465 4237 cenans
477 4187 538 4239 otim
550 4186 642 4248 agitato
664 4191 817 4267 controver·
870 4187 928 4251 Spei
937 4192 964 4237 et
975 4188 1095 4246 [omnem
1107 4187 1243 4273 quemdam
1253 4176 1367 4265 pruenti*¹
