2828 4904
94 479 254 532 Tarracon·
303 458 420 521 tionem
445 450 572 526 adiecit,
599 443 788 532 quaomnia
814 441 849 506 in
875 436 1077 525 praecedenti
1102 435 1196 500 Bulla
1223 442 1368 500 contenta

70 553 177 604 ’ΜΟ
191 551 253 602 ⁸⁵¹⁰
303 558 483 632 confirmat,
511 558 731 639 praeposteras
748 543 909 630 reprobat
939 540 1217 627 interpretationes
1251 559 1368 614 omnes,

78 624 125 674 lv.
299 655 685 738 excommunicationique
723 670 831 712 omnes
864 645 937 710 illos
966 643 1124 719 subiecit,
1150 643 1208 727 qui
1240 642 1311 705 suis
1338 644 1368 706 in

301 759 518 836 concionibus,
536 763 594 820 aut
608 754 671 819 alia
692 752 815 816 ratione
832 747 1029 813 contrarium
1044 743 1208 830 quidpiam
1226 765 1367 807 asserere

296 865 373 930 ausi
395 863 517 928 luerint
534 858 587 946 (1).
611 857 723 922 Nostri
737 853 825 918 baud
841 858 890 917 est
905 850 1047 915 instituti
1063 855 1167 912 cetera
1185 847 1369 932 singillatim

205 992 207 997 ’
249 985 253 992 ’
297 967 450 1054 persequi
467 966 532 1031 sive
544 983 627 1050 quae
643 961 683 1026 ab
700 959 810 1025 eodem
822 956 912 1022 Sixto
924 957 980 1033 lV,
997 954 1063 1019 sivo
1080 974 1162 1038 quae
1179 952 1218 1016 ab
1236 951 1323 1016 lulio
1339 953 1366 1016 Il

296 1091 358 1156 pro
370 1070 513 1154 virgineo
525 1066 781 1154 privilegioacta
797 1067 883 1138 sunt,
893 1067 950 1124 aut
961 1056 1139 1144 peculiares
1151 1056 1368 1120 institutiones

295 1179 397 1257 atque
414 1169 645 1235 controversias
674 1167 779 1231 denuo
800 1171 928 1229 exortas
956 1160 1040 1224 inter
1063 1159 1149 1224 viros
1172 1157 1369 1223 doctissimos
1410 1236 1412 1247 Ι

296 1274 391 1338 illius
414 1272 528 1338 aetatis
545 1269 677 1348 referre,
702 1289 774 1356 cum
797 1288 912 1356 parum
934 1264 1077 1330 conferat
1093 1263 1216 1330 adrem
1232 1270 1368 1326 nostran

304 1379 432 1442 diutius
449 1377 547 1442 iubis
564 1375 736 1440 immorari.
788 1424 790 1430 ,

640 1536 901 1651 carun
957 1574 1023 1647 rv.

415 1799 693 1852 cuvunovunsmu
715 1802 838 1849 STATUS
861 1802 883 1848 d
906 1799 1113 1848 TlllDElt'Tllld
1130 1797 1262 1844 SYNODO

549 1927 552 1932 ·
583 1908 627 1954 dn
645 1905 774 1955 Nosuun
797 1907 906 1965 USQUE
929 1903 1091 1951 Tumuond
1409 1804 1412 1973 l

302 2125 317 2164 μ
387 2097 551 2162 Interdum
574 2098 699 2175 accidit,
718 2105 755 2161 ut
771 2095 866 2161 semel
882 2108 920 2160 ac
937 2095 1096 2159 contentio
1123 2091 1234 2179 aliqua
1264 2091 1367 2156 suber

226 2229 228 2232 ⁴
299 2208 334 2265 ta
360 2210 419 2296 est,
443 2202 500 2288 qui
527 2202 713 2293 alterutram
740 2199 972 2286 disputantium
1008 2198 1195 2263 sententiam
1237 2193 1362 2283 amplexi
1410 2216 1412 2235 =

303 2310 388 2381 sunt,
412 2323 480 2367 eam
503 2310 740 2389 prosequantur
763 2301 870 2366 studio
894 2302 1035 2387 partium
1062 2300 1171 2386 potius
1198 2319 1302 2384 quam
1323 2315 1365 2359 ve·

303 2403 536 2469 ritatisamore
560 2404 705 2489 permoti.
733 2403 876 2488 idipsum
890 2403 983 2490 plane
1000 2402 1172 2488 contigisse
1194 2400 1329 2466 videtur
1341 2399 1368 2462 in

305 2506 519 2572 controuersia
544 2514 734 2595 quam'prae
749 2505 896 2570 manibus
914 2506 1077 2572 babemus.
1102 2504 1208 2570 Grave
1232 2502 1368 2590 prolecto

300 2610 417 2705 vulnus
440 2615 463 2675 'e
491 2610 576 2676 sixti
607 2613 651 2676 IV
686 2611 976 2677 Constitutionibus
1011 2610 1169 2692 inflictum
1203 2608 1368 2675 videbatur

298 2713 486 2801 sententiae,
497 2735 582 2802 quae
593 2714 762 2802 privilegio
777 2717 975 2794 adversatur,
989 2722 1085 2801 atque
1102 2736 1142 2778 ex
1154 2711 1368 2778 sollemnitatis

297 2815 339 2882 de
367 2819 403 2881 B.
428 2818 570 2903 Virginis
598 2819 759 2905 Conceptu
787 2821 821 2885 in
853 2820 1029 2884 Ecclesiam
1062 2839 1161 2905 prope
1190 2819 1367 2886 universam
1410 2873 1412 2905 ,

298 2922 534 3008 propagatione.
560 2923 667 2989 Nihilo
695 2931 798 2989 tamen
827 2925 931 2990 secius
948 2946 1112 3011 nunquam
1135 2921 1285 3004 deluere,
1321 2922 1367 3012 qui
1405 2966 1412 3006 ,

299 3031 357 3125 aut
380 3024 474 3088 oditis
498 3024 600 3104 libris,
615 3034 671 3091 aut
697 3048 756 3112 pro
782 3028 943 3105 concione,
962 3035 1018 3093 aut
1041 3029 1074 3092 in
1098 3027 1366 3115 disputationibus
1401 3052 1412 3115 μ

302 3125 441 3216 publicis
457 3129 542 3215 piam
559 3121 746 3196 seutentiam
762 3130 995 3218 impugnarent.
1191 3211 1194 3218 Ι
1400 3141 1412 3207 ‚⁴

116 3271 253 3324 Cononem
393 3233 474 3302 Cum
501 3235 718 3301 celebraretur
740 3236 912 3302 tridentina
930 3237 1084 3325 synodus,
1098 3237 1301 3304 immaculati
1317 3236 1367 3304 vir·

79 3344 252 3393 tricenorum.
302 3333 390 3418 ginei
399 3335 580 3423 Conceptus
596 3336 738 3404 lautores
760 3340 845 3404 nacti
866 3340 1063 3403 occasionem
1080 3347 1155 3403 sunt
1171 3361 1214 3402 ex
1230 3338 1366 3409 materia,

306 3456 388 3521 qnae
405 3439 593 3505 versabatur
606 3442 638 3505 in
656 3443 799 3508 sessione
810 3445 839 3508 V
851 3444 889 3508 de
901 3451 1030 3529 peccato
1047 3441 1196 3528 originali
1220 3442 1365 3510 adversus
1394 3460 1412 3525 p

305 3545 482 3638 novatores,
507 3532 819 3630 hortandi'eiusdem
836 3546 970 3611 Concilii
997 3554 1115 3633 patres,
1133 3552 1170 3610 ut
1197 3544 1366 3632 dogmatico
1397 3526 1412 3601 l

281 3701 284 3707 ,
306 3640 434 3727 decreto
457 3636 757 3720 domesticam'hanc
773 3651 1019 3716 controversiam
1035 3651 1234 3716 dirimerent.
1262 3652 1299 3715 In
1315 3665 1367 3736 quo
1397 3638 1412 3693 ἓ

307 3751 427 3832 primas
439 3760 545 3837 partes
556 3752 670 3818 babuit
686 3753 773 3817 card.
792 3754 929 3819 Paceeoo
945 3756 1109 3843 hispanus3
1122 3759 1272 3844 quamvis
1284 3771 1366 3845 porro

278 3853 451 3944 plerique
474 3865 581 3944 patres
609 3859 710 3943 eidem
740 3858 890 3939 faverent,
908 3860 1141 3948 reluctantibus
1164 3864 1364 3929 nibilominus
1401 3880 1412 3943 '-'.

244 4119 247 4127 ,
345 4049 595 4141 (illlececelebris
620 4083 659 4128 est
682 4050 809 4128 Constitu·
860 4093 975 4144 quaeque
987 4083 1076 4146 incipit
1085 4040 1179 4148 pariter
1191 4079 1285 4136 Grave
1295 4077 1366 4133 nimir
1406 4070 1412 4125 ἶ

301 4155 425 4222 tio,quae
444 4157 548 4220 Corpori
568 4160 632 4208 luris
651 4161 743 4210 inserta
760 4166 809 4228 est,
860 4164 926 4213 edita
934 4165 1014 4242 pridie
1023 4179 1132 4217 uomseu
1142 4155 1366 4230 die‘lseptAdSb
