2820 4890
527 309 714 382 -143-

55 432 123 521 ‚ogi
135 437 306 498 nostrates
318 425 493 495 identidem
504 428 612 496 facere
623 448 831 495 consuevere.
848 427 935 492 llaec
952 435 1062 493 autem
1081 449 1162 516 pan·

55 540 85 606 lo
109 545 197 626 post
219 536 396 602 luculentis
418 535 657 602 illustrabimus
680 534 847 622 exemplis.
873 533 958 600 Satis
980 534 1085 621 igitur
1111 542 1160 602 est

55 639 388 728 ad'cognoscendam
410 640 563 705 traditam
579 640 759 706 doctrinam
781 641 815 704 in
831 638 977 704 Ecclesia
999 639 1160 728 vigentem

57 747 142 834 iuge
168 742 319 811 eiusdem
345 740 509 808 Ecclesiae
540 743 781 829 magisterium,
806 741 918 829 praxis
945 764 1003 807 seu
1027 763 1163 808 consue-

58 851 154 929 tudo,
172 867 262 935 5555
276 847 491 911 monumentis
501 846 659 926 firmetur,
671 854 703 911 ct
720 847 898 912 communis
913 847 1159 935 ipsepastornm

59 978 100 1023 ’55
118 954 271 1020 fidelium
294 972 419 1016 sensns.

153 1057 200 1122 Et
217 1074 294 1120 vero
309 1053 470 1140 quomodo
487 1053 554 1117 sive
568 1054 720 1118 irenaeus
734 1053 801 1120 sive
817 1052 1038 1120 Tertullianus
1051 1052 1092 1120 ad
1108 1053 1163 1119 ad·
1251 1080 1322 1143 Quin
1332 1079 1400 1133 exst-

66 1157 262 1228 struendam
281 1156 435 1223 adversus
457 1158 635 1222 haereticos
655 1156 864 1244 apostolicam
883 1155 1090 1223 traditionem
1106 1180 1162 1225 eos
1216 1153 1295 1274 {filim
1307 1151 1402 1217 ⁸⁰le

64 1284 247 1354 provocare
262 1263 303 1328 55
321 1264 453 1327 Patrum
471 1263 591 1349 scripta
607 1263 800 1350 potuissent,
818 1263 846 1326 si
858 1261 937 1326 haec
950 1261 1039 1328 nulla
1053 1270 1159 1342 crant,
1238 1237 1324 1274 mm

66 1369 179 1436 saltem
204 1361 417 1453 dogmatica?
440 1368 568 1432 Etenim
590 1366 716 1432 lrenaei
740 1373 845 1431 aetate
869 1387 933 1431 non
955 1366 1160 1433 habebantur

71 1474 130 1539 nisi
144 1494 275 1561 paucae
301 1472 455 1560 epistolae
481 1471 654 1537 Clementis
678 1472 816 1550 romani,
835 1470 1017 1553 Barnabae,
1043 1472 1163 1560 Ignatii

79 1597 113 1642 sc
128 1575 321 1665 Polycarpi,
348 1576 425 1641 item
448 1574 531 1640 liber
553 1577 691 1641 Hermae
714 1575 893 1661 inscriptus
919 1576 1036 1643 Pastor
1057 1576 1162 1645 aliave

78 1680 240 1760 nonnulla,
264 1702 348 1768 quae
364 1680 602 1765 adhortationes
618 1680 756 1745 morales
772 1688 810 1744 ut
826 1680 1005 1766 plurimum
1028 1681 1165 1770 comple·

65 1785 253 1852 ctehantur.
278 1786 316 1849 15
331 1774 478 1850 Ecclesia
505 1806 583 1851 vcro
604 1785 715 1864 latina,
732 1784 791 1870 qui
807 1782 907 1849 latino
921 1786 1064 1871 primurn
1081 1808 1163 1853 usus

66 1891 278 1979 5115155515,
303 1891 374 1978 ipse
396 1898 446 1956 est
469 1890 690 1956 Tertullianus
713 1890 832 1956 unicus
857 1898 889 1956 et
913 1892 1164 1979 antiquissimus

67 2003 187 2062 auctor
208 1994 306 2060 cuius
329 2015 427 2081 opera
450 1995 614 2081 supersint
637 1993 693 2083 (ll.
718 1994 801 2060 Cum
826 2015 853 2060 s.
879 1993 1062 2083 Stephanus
1085 1999 1166 2063 Pon·

68 2099 149 2167 tilcx
174 2121 202 2165 s.
229 2098 390 2188 Cypriane
413 2099 603 2186 rescripsit:
629 2099 666 2164 St
688 2105 757 2187 quis
779 2123 800 2165 5
828 2122 1021 2188 5555555555
1045 2102 1168 2167 5555555ο

68 2209 190 2272 venerit
213 2204 258 2269 ud
278 2225 345 2281 vos,
368 2204 447 2269 55151
470 2210 636 2269 innovetur
648 2251 660 2282 ,
681 2207 744 2270 nisi
768 2205 854 2291 quod
875 2204 1028 2269 traditum
1049 2215 1104 2283 est,
1129 2216 1167 2269 ut

69 2309 249 2375 55555551ῑὶ
264 2311 447 2394 imponatur
463 2309 740 2394 555555555555
757 2304 820 2397 (2);
837 2306 971 2372 ubinam
991 2314 1083 2371 erant
1103 2309 1163 2373 Pa-

70 2419 153 2478 trum
178 2410 314 2498 scripta,
339 2433 423 2497 quae
447 2412 654 2477 traditionem
668 2412 751 2478 hanc
767 2406 989 2478 testarentur?
1011 2415 1164 2478 Attamen

75 2515 204 2583 tidenter
227 2516 298 2603 ipse
321 2515 362 2581 ad
386 2515 593 2581 traditionem
620 2517 771 2605 appellat,
799 2539 863 2583 555
886 2517 983 2584 aliam
1006 2516 1163 2606 prolecto,

76 2640 161 2707 5555
188 2639 276 2707 5555
292 2624 397 2706 praxi
417 2626 449 2684 et
471 2641 537 2684 usu
560 2628 733 2687 constaret.

86 2744 87 2749 ¹
152 2722 321 2803 Quoniam
343 2745 419 2789 vero
436 2721 475 2788 de
498 2725 661 2790 communi
684 2724 830 2791 fidelium
854 2746 951 2792 sensu
976 2724 1137 2814 aliquida

1235 2692 1331 2756 Quanti
1358 2692 1398 2746 ia·

1138 2735 1166 2791 ἴ·
1217 2764 1400 2815 ciendusinre·

69 2828 222 2916 tigimuS‚
242 2828 365 2894 iuverit
388 2827 501 2914 paucis
525 2846 686 2916 exponere
701 2832 816 2918 quanti
836 2831 1024 2919 pendendus
1047 2833 1103 2900 ille
1123 2835 1167 2900 sit
1217 2835 1399 2887 busfluetsen·

70 2931 107 2996 55
128 2930 299 2997 Ecclesiae
327 2930 516 3011 doctrinam,
541 2931 687 3020 adeoque
711 2933 752 2999 ad
771 2934 979 3000 traditionem
1001 2936 1036 3000 in
1059 2936 1168 3002 cavi-
1218 2920 1261 2958 ⁸¹¹⁹
1283 2907 1399 2958 fidenam

67 3045 195 3125 gentem
218 3035 478 3124 dignoscendam.
503 3039 606 3104 Porro
636 3040 908 3126 praestantissimi
935 3041 1076 3129 theologi
1099 3064 1165 3106 ma·

67 3144 187 3210 rimam
218 3143 378 3231 probandi
412 3145 477 3212 vim
510 3145 591 3210 huic
629 3147 792 3212 communi
823 3148 934 3213 sensui
961 3149 1067 3214 inesse
1083 3146 1163 3215 ’555

68 3266 121 3312 ore
145 3245 304 3312 fatentur.
329 3248 457 3312 Etenim
480 3247 612 3314 Canus:
643 3248 683 3314 15
716 3254 894 3338 quaestione
915 3251 1007 3340 fidet,
1031 3251 1163 3339 inquit,

68 3351 236 3415 eommunis
249 3349 349 3437 fidelis
360 3352 476 3439 populi
491 3373 596 3416 555555
607 3351 696 3416 haud
710 3353 805 3418 levem
816 3352 894 3436 facit
908 3353 999 3441 fidem
1011 3350 1066 3443 (3)
1084 3353 1164 3421 555-
1217 3337 1299 3458 ιξξζέζ
1309 3347 1401 3458 ¹322:

101 3522 136 3593 (1)
145 3526 190 3577 Sic
201 3527 269 3578 euim
281 3529 368 3579 scribit
378 3544 396 3579 s.
407 3530 581 3594 Hieronymus
635 3545 665 3582 ca
674 3532 761 3600 finem,
771 3532 815 3583 ubi
825 3537 851 3582 et
860 3532 923 3584 illud
935 3533 1064 3597 praeclare
1073 3534 1158 3585 addit:
1217 3475 1292 3544 low

70 3607 188 3665 Derieis
200 3610 350 3667 illustribus
359 3628 414 3679 cap.
423 3611 467 3669 53.
481 3613 583 3670 155551-
637 3614 745 3683 Quaero
754 3616 824 3670 enim
833 3631 868 3670 55
887 3621 922 3687 te,
942 3617 1098 3688 quaerore
1115 3635 1161 3673 re·

68 3691 160 3750 lienus
169 3695 309 3766 presbyter
331 3697 515 3752 accedentum
525 3698 585 3769 pri·
637 3697 685 3754 tus
702 3699 867 3755 christianae
875 3699 941 3771 fidei
950 3701 1019 3755 inter
1039 3716 1087 3755 555
1101 3717 1164 3757 555-

69 3791 124 3834 5555
130 3779 328 3852 postl'icterem
338 3782 540 3852 etdpoltone'um
549 3782 588 3838 15-
640 3785 888 3856 5555555555555
906 3785 1094 3858 philosophice
1113 3787 1160 3842 55-

69 3864 369 3935 mompsuestinae.
383 3869 491 3920 vallars.
512 3871 585 3922 Tom.
639 3868 738 3939 cretis,
756 3877 847 3926 utrem
861 3872 952 3942 potius
977 3872 1162 3942 quaerendum

58 3951 102 4001 ·11.
110 3965 170 4017 pag.
182 3945 244 4004 875.
256 3952 354 4015 Scripta
364 3967 426 4005 vero
438 3954 548 4005 Victoris
560 3958 588 4006 et
642 3960 690 4025 est,
707 3954 775 4026 quid
782 3954 940 4025 philosophi
950 3960 1032 4026 utque
1052 3954 1164 4025 ethnici,

69 4034 198 4101 Apollonii
209 4034 360 4100 perierunt'
640 4053 676 4093 55
686 4040 754 4110 quid
775 4038 894 4094 homines
912 4038 1063 4094 christiana
1076 4045 1101 4093 et
1111 4040 1160 4094 do·

106 4115 139 4182 (2,
154 4123 235 4186 Epist.
245 4117 289 4175 74.
298 4125 358 4174 edit·
373 4120 584 4190 Maur-pag.i38.
639 4127 727 4180 ctrina
738 4133 762 4182 et
773 4126 827 4197 fide
844 4125 1100 4184 imitationum?

64 4251 71 4257 .
109 4201 143 4271 ὦ)
156 4203 321 4260 Delocislib.
334 4204 359 4264 5.
369 4224 424 4276 cap·
437 4209 520 4260 ultim.
533 4210 586 4260 cir-
