2828 4904
246 786 249 791 ·
310 773 423 838 matris
443 781 537 837 utero
558 782 764 852 momentum,
782 795 839 849 nec
856 774 969 838 nonde
984 773 1106 839 fomitis
1122 784 1179 839 aut
1196 775 1378 852 detentione,
1402 821 1414 926 q

79 2333 249 2396 Quorevoce·

70 2409 113 2453 tur
145 2413 249 2456 contro-

70 2474 162 2524 vorsla.

240 2651 243 2655 ·
300 2655 376 2699 vero
411 2634 451 2697 ad
488 2636 719 2722 exemptionem
755 2637 850 2700 etiam
887 2643 1054 2721 praeterea
1077 2633 1141 2697 sint
1173 2630 1366 2696 extenden

757 344 939 419 —tto-
1045 409 1049 417 ,

313 440 386 531 iude
402 466 451 530 uti
468 466 565 531 etiam
580 465 645 553 ipsi
661 463 813 532 adversae
829 467 931 552 partis
947 465 1086 551 theologi
1101 465 1197 529 lateri
1219 446 1381 551 coguntur.

312 567 394 630 Nam
410 565 485 631 licet
497 565 683 654 Scripturae
701 566 825 645 sileant,
840 566 952 631 sileant
968 574 1000 630 et
1012 567 1122 633 Patres
1139 576 1238 652 atque
1250 567 1380 632 Concilio

311 669 351 733 de
362 670 547 755 B.Virginis
559 669 807 735 sanctificatione
820 679 892 756 post
903 669 1034 756 aliquod
1046 669 1086 735 ab
1098 671 1170 736 eius
1186 669 1377 758 conceptuin
1409 697 1411 716 ν

309 883 368 939 ant
390 875 600 957 liberatione,
624 877 728 964 deque
752 879 953 944 immunitate
977 902 996 944 a
1019 880 1133 965 quavis
1155 880 1208 944 vel
1232 878 1376 946 levissimi

309 979 428 1044 actuali
452 951 723 1068 culpasahisqu'e
746 981 920 1065 eiusmodi3
944 983 1023 1068 quin
1046 983 1155 1068 potius
1179 980 1329 1046 nonnulli
1347 1000 1374 1045 ea
1400 933 1414 1032 l

306 1083 449 1169 antiquis
472 1083 623 1148 Patribus
651 1105 714 1148 non
739 1083 861 1164 desint,
885 1085 1022 1171 quibas
1052 1085 1236 1172 praeclaras
1262 1103 1373 1171 praere
1398 1113 1401 1121 Α

307 1187 430 1270 geticas
455 1195 513 1252 aut
542 1208 650 1252 omnes
681 1196 737 1252 aut
766 1188 876 1252 saltem
903 1189 1029 1275 aliquas
1063 1158 1166 1254 cidem
1191 1190 1229 1252 B.
1263 1185 1373 1272 Virgiri

305 1288 463 1376 denegare
490 1290 660 1357 videantur
683 1289 724 1378 ll)
739 1312 752 1374 s
776 1301 928 1382 attamen]
947 1293 1085 1378 theologi
1115 1293 1171 1357 isti
1195 1293 1255 1356 has
1282 1310 1372 1359 omncs

306 1401 338 1462 et
351 1393 494 1478 singulas
511 1395 730 1461 sanctissimae
747 1396 874 1481 Virgini
891 1396 977 1461 ultro
994 1396 1155 1472 tribuunt,
1173 1417 1310 1482 eamque
1323 1392 1360 1458 it·

305 1505 492 1561 exornatam
508 1495 610 1562 fuisse
632 1520 691 1584 pro
706 1498 794 1563 virili
816 1508 907 1584 parte
924 1488 1137 1585 propugnant.
1163 1499 1290 1563 Verum
1305 1498 1330 1562 si
1347 1547 1349 1553 s
1374 1547 1378 1551 .

305 1597 385 1683 ipsis
398 1599 499 1665 amice
512 1600 685 1666 scisciteris
698 1601 892 1687 quibusnam
905 1603 1050 1667 nitantur
1062 1600 1247 1667 rationibus
1260 1608 1298 1666 ut
1310 1601 1377 1693 haet-
1385 1636 1390 1690 j

306 1702 539 1780 adserant,n0n
551 1702 615 1768 alia
627 1703 771 1790 prolecto
784 1705 935 1769 solidiora
946 1704 1059 1770 audies
1072 1710 1278 1789 argumenta,
1298 1733 1303 1759 ·
1321 1731 1325 1759 ι
1348 1743 1350 1757 ι
1375 1696 1385 1734 ’“
1403 1758 1406 1764 ,

303 1827 387 1891 quae
411 1805 451 1869 ad
474 1804 701 1872 adstruendam
720 1807 956 1873 immaculatam
973 1807 1223 1894 Conceptionem
1246 1805 1334 1873 vindi
1355 1847 1386 1860 ·

302 1910 575 1995 piaelsententiae
606 1933 724 1996 urgere
748 1911 859 1976 solent.
881 1911 929 1976 Ea
951 1931 1063 1996 nempe
1095 1906 1287 1997 proferunt,
1307 1930 1364 2003 qn
1400 1860 1414 1953 l

304 2033 346 2076 ex
362 2012 509 2078 decentia
521 2020 552 2078 et
568 2015 779 2099 congruentia
794 2014 969 2079 ducuntur:
983 2014 1076 2078 aiunt
1091 2012 1125 2076 id
1141 2033 1304 2078 summam
1317 2012 1377 2085 vie
1402 1982 1414 2050 l

303 2115 386 2199 ginis
411 2114 614 2202 dignitatem,
633 2139 690 2182 seu
707 2118 832 2183 divinae
850 2119 967 2183 Matris
981 2137 1101 2180 munus
1117 2137 1267 2202 quocum
1286 2122 1376 2189 cetere
1403 2072 1414 2168 l

302 2228 541 2285 connectuntur
559 2221 728 2308 privilegia
751 2220 791 2285 ab
816 2242 919 2306 eoquo
942 2218 1090 2306 pendent,
1110 2217 1332 2302 expostulare
1354 2254 1364 2281 Ιι

391 2324 478 2410 Ergo
495 2324 583 2412 quod
598 2324 638 2390 ad
654 2325 734 2390 hanc
751 2335 873 2410 spectat
888 2332 1021 2410 partem,
1035 2321 1185 2409 quaestio
1196 2342 1240 2386 eo
1258 2315 1366 2393 toltit.
1400 2334 1403 2355 ²

302 2427 446 2505 ducitur,
472 2436 509 2493 ut
531 2429 719 2514 inquiratur
746 2414 856 2493 utinm
880 2427 1108 2512 congruentiae
1132 2418 1372 2510 argumentati
1389 2416 1406 2448 ‘¹

300 2529 523 2597 liberationem
558 2533 598 2596 ab
633 2530 783 2618 originali
806 2543 936 2618 peccato
967 2533 1031 2595 sint
1053 2528 1314 2614 coangustanda,
1343 2544 1394 2591 Ι-

301 2735 410 2812 Quare
438 2756 512 2799 cum
540 2737 573 2799 in
600 2736 658 2803 hoc
686 2757 719 2801 se
750 2745 836 2801 statu
868 2737 983 2801 habeat
1011 2732 1258 2813 cointroversia,
1285 2751 1352 2816 neq

302 2834 448 2916 traditio,
470 2859 574 2924 neque
593 2839 756 2904 Ecclesiae
780 2840 925 2904 doctrina
945 2845 1120 2925 repugnet,
1138 2857 1234 2900 nemo
1257 2855 1319 2899 non

300 2939 364 3016 det,
388 2939 547 3005 eiusmodi
571 2952 775 3027 argumenta,
801 2943 841 3007 ad
865 2940 1083 3028 amplificanda
1107 2938 1219 3024 potius
1244 2930 1360 3020 Virg'

299 3044 426 3123 decora,
443 3067 539 3131 quam
562 3047 602 3112 ad
625 3047 736 3112 eadem
755 3047 946 3113 coarctanda
960 3067 1098 3131 morere.
1123 3045 1207 3108 Nam
1231 3063 1273 3106 ex
1288 3036 1381 3113 omnis

298 3147 390 3211 moda
414 3151 615 3237 exemptione
641 3152 746 3214 maius
769 3151 868 3214 decus
895 3153 933 3214 B.
957 3149 1086 3234 Virgini
1112 3144 1253 3222 accedit,
1282 3142 1380 3215 maios*

296 3254 365 3317 Deo
383 3253 496 3338 gloria,
514 3256 615 3320 maior
633 3254 754 3320 Christi
777 3253 987 3339 redemptioni
1010 3252 1126 3329 honor,
1146 3250 1253 3314 maius
1275 3244 1343 3312 Eecl
1410 3307 1412 3315 ,

298 3357 365 3419 siae
389 3358 449 3420 Dei
472 3367 706 3436 ornamentum,
728 3367 764 3422 ut
785 3379 843 3443 per
866 3378 900 3421 se
916 3363 1051 3433 constat,
1076 3375 1174 3440 quam
1197 3375 1240 3416 ex
1262 3350 1366 3421 limitet
1394 3397 1412 3427 Δ

228 3505 231 3512 .
297 3461 356 3546 qui
379 3482 398 3523 a
422 3461 596 3548 theologis,
621 3463 818 3550 quibuscum
844 3461 936 3527 nobis
963 3470 1013 3526 cst
1035 3458 1267 3535 controversia,
1290 3472 1364 3541 prat·

296 3565 419 3657 linitur.
444 3566 592 3631 Profecto
616 3576 648 3631 et
670 3568 733 3653 ipsi
757 3575 823 3631 toto
850 3567 956 3630 cordis
985 3566 1116 3642 affeetu,
1140 3559 1358 3628 lubentissime

295 3687 359 3752 que
383 3667 487 3733 animo
512 3668 713 3755 praeclarum
734 3669 947 3734 immunitatis
971 3666 1179 3754 privilegium
1195 3654 1356 3744 erugini

295 3768 486 3848 tribuerent,
509 3773 583 3848 nisi,
601 3781 638 3835 ut
659 3766 720 3858 ipsi
738 3771 932 3858 loquuntur,
954 3781 986 3834 et
1010 3794 1026 3834 a
1045 3770 1290 3855 Scripturarum
1307 3779 1356 3826 ort·

295 3869 378 3934 culis
402 3879 434 3934 et
460 3894 478 3935 a
502 3873 635 3936 Patrum
657 3873 850 3937 auctoritate
876 3882 973 3957 atque
1002 3894 1021 3935 a
1044 3871 1118 3935 fidei
1142 3869 1289 3954 dogmate
1309 3871 1356 3926 tull
1380 3892 1389 3960 q

294 3972 334 4036 de
357 3976 480 4060 peccati
504 3976 537 4039 in
561 3964 673 4041 omnes'
699 3999 833 4062 prorsus
864 3977 1007 4041 homines
1034 3974 1284 4062 propagatione,
1312 3978 1358 4032 unt
1383 4027 1395 4069 ,h

1389 4129 1412 4187 l.

334 4204 366 4273 tl)
384 4209 482 4260 lterum
495 4211 599 4260 Petrum
610 4212 838 4271 testimonianaulo
857 4217 913 4276 post
931 4212 1097 4277 proter-naua.
1236 4258 1239 4263 .
1398 4241 1412 4293 g
