2828 4904
419 299 603 370 -163-

96 418 224 484 eritius
249 417 288 484 de
311 440 386 487 sera
413 423 518 507 magni
547 421 718 506 Aquinatis
746 422 924 499 sententia,
949 442 1044 510 quam

96 523 258 589 *lurimum
276 525 490 612 disceptatum
513 533 572 609 est3
596 526 668 590 atiis
692 534 873 591 constanter
892 549 965 593 eum
988 530 1073 593 im·'

99 637 134 692 to
164 629 343 716 Conceptui
375 632 411 694 B.
440 631 584 716 Virginis
612 630 843 718 adstipulatum
874 653 943 698 esse
974 646 1048 698 eon'·

96 732 192 817 ibus3
217 734 289 799 aiiis
306 755 382 799 vero
398 735 516 799 aeriter
534 735 825 822 propugnantibus,
848 737 956 824 ipsum'
983 756 1045 801 uon

96 837 126 902 ib
150 837 205 903 itta
229 839 400 903 recessisse
424 838 581 916 doctrina,
595 838 651 903 sed
674 840 779 919 atteri,
800 858 857 906 seu
881 841 1046 929 oppositae

95 942 145 1008 iao
169 941 337 1030 adusque
360 943 445 1009 vitae
469 943 562 1009 finem
586 943 769 1011 adhaesisse
794 942 848 1031 (i).

98 1231 156 1282 tatis
167 1231 244 1283 tuerit
255 1238 381 1297 assumpta
393 1247 406 1282 a
417 1232 483 1283 Ver·
537 1227 673 1288 Christum
684 1237 709 1287 et
725 1245 829 1286 aunem
840 1232 898 1286 eina
908 1229 1044 1301 Matrem,

96 1318 200 1381 spondet
210 1322 302 1367 autem:
317 1350 336 1384 ‚‚
349 1319 413 1368 sano
431 1317 480 1367 diei
532 1330 632 1370 necnon
657 1315 893 1387 irreligiositatem.
921 1319 1042 1373 Attamen
1108 1376 1113 1386 Ι

108 1403 178 1452 credi
191 1407 291 1465 oportet
300 1403 369 1452 iuxta
378 1401 480 1452 Sancto
534 1400 624 1453 doctus
636 1402 720 1454 Carot.
731 1405 769 1453 Du
778 1405 865 1468 ptes'sis
878 1401 904 1455 d*
915 1403 1043 1469 Argenird

96 1486 216 1535 stationis
228 1489 445 1554 convenientiam,
457 1487 479 1536 t·
531 1488 679 1539 sorbonicus
691 1489 781 1539 doctor
790 1493 816 1539 et
828 1489 959 1553 episeopus
971 1484 1042 1542 tntess

96 1583 117 1619 rs
128 1574 234 1633 peceato
251 1572 396 1635 obnoxiam,
411 1572 477 1621 strut
529 1571 615 1640 tensis,
624 1573 668 1639 qui
677 1574 709 1624 de
719 1574 850 1625 Gualterto
861 1575 911 1638 agit
922 1576 947 1625 iu
961 1571 1045 1628 Colle·

96 1655 194 1718 tirgints
212 1667 289 1705 earo:
306 1657 349 1706 sed
368 1656 476 1719 Spiritus
533 1656 617 1710 ottone
628 1655 788 1711 iudiciorum
799 1656 832 1711 do
852 1657 928 1710 mais
945 1659 1047 1712 errori·

96 1739 218 1790 »eratione
231 1741 263 1789 ita
276 1743 432 1807 mundatam,
449 1746 478 1791 ut
530 1738 577 1793 bur
594 1739 642 1795 sud
661 1756 702 1793 eu.
715 1737 784 1795 uis
800 1744 863 1794 edit.
876 1744 957 1795 Parts.
976 1735 1045 1796 1728

96 1824 188 1886 seooati
199 1826 348 1888 contagione
360 1825 476 1874 immunis
531 1829 594 1876 tom.
605 1828 616 1875 1
626 1840 682 1891 pag·
695 1821 1046 1893 117,Petrum1,ombardum

96 1907 191 1957 Verbo.
203 1909 307 1958 Mariam
324 1923 427 1974 quinquo
437 1914 479 1959 to·
531 1910 578 1958 hae
591 1910 615 1959 in
633 1924 662 1961 re
674 1910 784 1960 vindieat
796 1943 805 1977 ‚
816 1910 977 1976 ostenditque
989 1912 1044 1962 eius

96 1995 139 2039 tus
152 1991 258 2041 Sanetus
269 1991 295 2041 tn
307 2005 361 2043 eam
371 2006 479 2055 praere·
532 1999 641 2044 mentem
651 1993 810 2044 Guaiterium
818 2007 869 2044 non
879 2008 934 2046 esse
945 2007 1047 2045 asmen-

96 2082 182 2125 eeoato
194 2089 299 2139 prorsus
311 2078 436 2144 purgavit,
452 2083 479 2128 et
532 2082 587 2127 tum
600 2094 608 2142 3
622 2083 752 2141 praeterea
764 2078 854 2129 nititur
866 2081 944 2130 rerba
955 2080 1023 2130 iltius
1036 2110 1045 2146 ‚

96 2162 186 2212 receati
199 2162 274 2211 etiam
292 2162 418 2228 liberavit,
437 2164 476 2213 roi
529 2177 595 2226 quae
605 2163 735 2214 adversari
745 2165 800 2228 piae
809 2165 949 2215 sententiae
962 2166 1047 2215 riden-

99 2248 478 2314 psumpeuituseraouando,ut
532 2248 1044 2317 mr,benigneinterpretari‚quasinempe

96 2345 115 2380 u
125 2330 217 2396 piacet,
228 2332 268 2382 vet
279 2333 316 2381 sio
324 2333 479 2383 debilitando
532 2331 633 2383 tooutus
648 2338 746 2384 tautum
764 2332 842 2384 tuerit
853 2333 974 2396 Magister
987 2346 1047 2383 sen-

96 2415 481 2482 undo,uteipostmodumpee
534 2413 1048 2484 tertiarumdesotopeooatidebito‚quod

96 2499 145 2550 esto
162 2501 306 2551 nutiatenus
324 2503 437 2552 extiterit
448 2535 476 2569 „.
532 2504 647 2566 B.Virgo
656 2504 790 2554 excarnaii
801 2499 887 2552 hibuit
899 2503 1045 2566 generatio-

96 2585 159 2635 titcit
170 2583 250 2635 ibidt‘
259 2586 333 2649 Quod
343 2592 428 2637 autem
438 2602 478 2638 sa·
531 2586 629 2638 reddi
639 2594 771 2652 praeterea
782 2588 1046 2651 censeruuagisnum

96 2684 143 2721 »ex
162 2676 222 2721 tuno
232 2673 264 2722 ab
282 2670 351 2721 omui
369 2678 475 2736 peooato
529 2687 580 2725 nou
598 2676 630 2724 de
652 2672 776 2725 munditie
793 2675 845 2738 ipsa
865 2686 895 2723 ao
916 2661 1047 2737 purgatio·

96 2753 228 2823 extiterit,
246 2755 404 2819 Augustinus
422 2757 478 2807 eri-
529 2772 561 2808 ne
576 2759 605 2807 B.
621 2759 729 2822 Virginis
741 2757 898 2825 disseruisse,
907 2758 952 2809 sed
964 2758 996 2808 de
1006 2756 1047 2807 'it‘-

96 2838 185 2890 steudit
195 2839 220 2890 in
232 2839 277 2891 lits.
291 2837 331 2891 De
343 2845 480 2894 naturast
532 2843 582 2893 lius
593 2844 764 2894 mundationis
775 2848 802 2894 et
814 2840 972 2917 purgationis
990 2853 1048 2894 mu-

96 2926 204 2989 nquiens
217 2941 222 2974 :
234 2920 356 2994 disrepta
370 2923 479 2994 Virgine
532 2926 710 2994 utsestatioae.
728 2928 828 2978 videsis
848 2928 912 2978 tien.
930 2925 1046 2977 Plaazarn

96 3016 165 3060 utem
179 3011 257 3075 Virgo
277 3012 395 3075 singulari
406 3026 479 3075 prae-
531 3027 573 3076 op.
585 3013 628 3061 cit·
642 3016 692 3065 aet.
705 3013 754 3063 vit
773 3007 890 3063 u.18'et
906 3024 990 3075 seqq.;
1002 3008 1046 3059 ubi

104 3094 194 3159 gratia,
205 3099 279 3158 atque
290 3095 394 3157 repieta3
407 3100 436 3143 ut
454 3095 476 3144 i-
532 3101 662 3158 praeterea
676 3100 820 3145 oeterorum
840 3094 1047 3145 scholasticorum

96 3179 163 3245 ieret
181 3178 275 3227 ventris
294 3177 331 3226 sui
351 3174 476 3245 fructum,
532 3179 674 3228 testimonia
690 3191 755 3241 quse
773 3177 828 3241 piae
845 3175 966 3240 refragari
984 3187 1043 3225 sen·

95 3261 168 3310 initio
180 3261 254 3311 habet
267 3261 417 3312 universitas
429 3262 477 3312 do·
530 3263 624 3314 tentiae
642 3263 771 3328 videntur,
789 3260 932 3325 singillatim
955 3259 1042 3325 expia·

96 3343 190 3394 utillud
203 3346 271 3408 quod
286 3346 436 3396 nascebatur
449 3359 480 3395 ex
532 3351 584 3397 unt.

96 3442 108 3479 e
118 3429 192 3492 primi
204 3429 321 3496 hominis,
328 3434 483 3480 tantummo·
569 3423 603 3495 rt)
615 3422 1048 3485 siumeuroaemensium

96 3509 121 3561 is
132 3516 159 3561 et
169 3526 221 3563 non
232 3513 342 3563 oriminis
354 3514 477 3577 originem
529 3509 698 3567 immeantoto
726 3511 844 3581 Virginei
865 3510 997 3580 Conceptus
1022 3523 1044 3562 a.

96 3628 115 3665 ‚·
123 3598 205 3662 Quam
217 3599 319 3663 quidem
337 3600 479 3650 doctrinam
533 3597 661 3652 Thomam
670 3596 831 3652 Modestus.
844 3599 973 3664 Siquidem
990 3612 1044 3648 oer-

96 3696 116 3733 rs
125 3695 171 3733 sen
184 3683 312 3734 walterus
324 3685 394 3735 reiut
407 3698 480 3735 erro·
532 3688 587 3735 tum
599 3689 638 3735 est
647 3699 677 3736 ea
690 3686 799 3737 adducto
812 3685 866 3735 eius
878 3685 936 3734 toro
947 3683 972 3733 in
985 3683 1046 3732 Par.

96 3769 243 3834 unat,quod
256 3781 358 3819 earnem
370 3783 384 3818 a
394 3768 481 3819 Verbo
533 3768 547 3818 1
565 3781 619 3832 oap.
628 3768 677 3817 xit
690 3768 765 3818 huius
782 3766 958 3832 inquisitionis,
968 3777 1044 3829 enge·

96 3865 120 3902 m
131 3855 237 3920 peccota
255 3850 397 3905 obnoaiom
409 3852 476 3906 siout
533 3853 612 3904 ticum
623 3853 760 3904 Doctorem
774 3850 908 3903 asseruisse
920 3851 949 3900 Β.
959 3849 1046 3913 Virgi-

96 3952 100 3983 s
110 3931 229 4001 Virginis
236 3947 342 3986 earnem
352 3933 435 3986 iaciat.
446 3936 476 3987 td
530 3949 589 3986 nem
601 3932 634 3986 ot
646 3931 775 4002 origiuots'
789 3935 896 4001 peecata
906 3936 932 3983 rt
943 3927 1047 3983 artooti

96 4019 480 4084 tetrioreusaensuitdioens‚it·
532 4013 1048 4071 t'mmuueiusermtam.Attamenonmin
1154 4011 1157 4019 '

96 4104 149 4153 tum
158 4100 289 4154 continere
299 4114 425 4168 errorem,
434 4098 481 4152 im·
533 4101 695 4166 sequentibus
707 4099 835 4166 operibus,
847 4097 995 4164 praesertim
1003 4110 1046 4149 re·

106 4197 212 4255 souare,
230 4184 431 4239 irreverentiam
452 4187 481 4239 tn
534 4199 564 4237 ro
573 4187 598 4237 in
606 4181 726 4252 Summo,
733 4183 797 4237 etin
809 4179 970 4252 Compositio
979 4182 1051 4233 theo
