2828 4904
521 348 696 418 -37-

59 495 127 536 cero
155 474 367 558 conceptionis
383 475 445 533 eius
462 490 525 532 non
542 492 561 531 a
578 475 688 533 semine
706 470 803 543 cirili,
820 468 871 533 sed
884 471 972 553 lonqe
996 472 1144 537 aliterue
1226 541 1230 550 ,

57 581 190 665 desuper
207 578 306 641 uenit.

145 681 231 745 ltem
247 676 305 741 lib.
323 673 366 743 10
382 677 427 741 De
438 675 544 742 Genes.
562 678 604 740 od
617 678 677 742 litt.
687 698 714 741 c.
725 674 778 754 18,
789 697 819 740 u.
830 676 873 742 32
885 675 943 742 ubi
960 678 1145 743 nominatim

55 784 96 849 de
108 782 251 869 Virgine
264 778 391 846 scribit:
404 781 433 844 E
435 792 448 845 t
458 781 535 868 quid
544 784 807 867 incoinquinatius
818 779 874 844 illo
889 791 977 845 utero
1000 780 1146 865 Vo'rqinir,

58 891 159 952 cuius
175 906 248 950 cneo
263 887 388 949 etiamsi
402 884 437 947 cle
464 888 589 971 peccati
604 887 832 971 propoqotione
848 888 945 958 venit,
961 905 1024 948 non
1043 895 1146 949 tomen

62 990 101 1052 de
125 990 248 1074 peccati
266 989 443 1073 propoqine
470 988 606 1071 concepit
608 1029 665 1048 .....
701 983 836 1047 Proinde
864 1004 976 1069 corpus
1012 981 1129 1050 Cluenti
1134 1032 1146 1062 ,

64 1093 207 1178 quamuis
226 1108 267 1153 ec
291 1108 384 1152 corne
399 1087 549 1170 foeminae
569 1097 761 1174 assumptum
780 1095 837 1161 est,
853 1106 932 1172 quoe
949 1087 983 1150 de
999 1087 1058 1150 itta
1077 1109 1147 1152 cor-

60 1200 111 1260 nis
124 1196 255 1281 peccati
268 1194 445 1278 pinpeqine
460 1202 607 1277 concepto
623 1191 744 1274 suerot5
761 1200 863 1254 tumen
880 1195 961 1276 quio
977 1211 1039 1254 non
1055 1195 1147 1256 sicin

58 1320 96 1362 eo
115 1306 303 1383 conceptum
318 1304 374 1370 est,
390 1294 540 1379 quomodo
556 1293 663 1376 fuerat
676 1294 736 1356 illo
753 1305 911 1380 concepto,
922 1314 977 1358 nec
992 1298 1060 1378 ipsc
1077 1307 1145 1360 eret

64 1422 143 1465 coro
154 1401 300 1486 peccati,
314 1396 368 1460 sed
380 1396 549 1460 similitudo
566 1399 671 1462 carnis
689 1401 820 1483 peccati.

10 1484 15 1513 ⁵
116 1504 120 1509 ’
150 1501 205 1566 Ex
223 1496 347 1585 quibus
369 1497 514 1562 textibus
531 1497 612 1563 illud
635 1496 781 1576 cuilibet,
800 1499 857 1583 qui
875 1496 983 1562 studio
1004 1500 1146 1587 partium

69 1603 224 1690 abreptus
248 1622 312 1666 non
330 1601 383 1679 sit,
399 1599 524 1688 patebit
539 1622 558 1665 a
576 1608 685 1666 sancto
701 1603 840 1666 Doctore
862 1600 955 1688 plane
972 1601 1079 1669 doceri
1098 1624 1147 1669 so-
1256 1660 1259 1667 .

10 1690 18 1729 ⁵
63 1705 131 1770 lum
154 1704 327 1772 Christum
350 1702 391 1768 ab
414 1703 590 1768 universali
616 1704 739 1791 peccati
773 1704 960 1790 contagione
984 1706 1147 1793 excipien-

10 1800 19 1813 ’
62 1807 143 1873 olum
159 1826 248 1891 essc;
266 1805 391 1872 beatam
406 1813 516 1871 autem
529 1806 707 1893 Virginem,
720 1800 832 1893 utpote
854 1806 981 1894 vulgari
1005 1811 1146 1896 parentis

10 1900 15 1909 ’
61 1913 244 1998 utriusque
267 1917 475 1996 propagatam
498 1916 583 1989 satu,
607 1931 805 1975 communem
833 1913 992 1978 maculam
1021 1918 1147 1978 contra·

63 2014 164 2093 risse,
174 2015 317 2101 eiusque
339 2034 468 2078 carnem
483 2008 523 2078 tle
539 2019 671 2100 peccato
687 2034 757 2079 esse
774 2021 872 2102 atque
894 2016 1029 2104 peceati,
1048 2035 1146 2103 qnam

68 2116 216 2185 Christus
234 2116 665 2204 suscipiendammundavit,
679 2125 737 2182 aut
747 2118 913 2185 mundavit
928 2116 1144 2206 suscipiendo.

10 2216 12 2221 ’
147 2222 343 2310 Augustino
359 2221 574 2301 adhaeserunt
592 2222 735 2308 quicum
753 2223 856 2288 secuti
873 2230 959 2288 eunt.
978 2222 1146 2309 specimen

10 2338 15 2355 ¹
60 2323 160 2392 babes
179 2323 271 2413 apud
286 2322 467 2389 Eusebium
481 2323 579 2410 vulgo
594 2324 787 2389 emissenum
803 2330 1036 2410 nuncupatum,
1048 2343 1146 2410 quem

64 2426 119 2492 alii
138 2427 356 2506 Eucherium,
372 2426 534 2492 Hilarium
557 2427 613 2492 alii
637 2426 856 2507 arelatensem,
872 2427 927 2492 alii
952 2427 1052 2494 abum
1074 2446 1145 2493 esse

10 2558 15 2565 ·
64 2532 286 2620 suspicantur.
322 2531 383 2598 llic
406 2530 509 2618 igitur
530 2533 562 2596 in
579 2532 669 2597 Orat.
682 2515 719 2597 '11
742 2533 787 2598 De
815 2532 999 2610 Nativitate,
1018 2531 1144 2620 inquit:

62 2634 213 2702 bonone
229 2639 367 2700 omnium
389 2657 496 2701 rerum
511 2640 545 2700 in
560 2646 589 2701 te
605 2640 766 2715 initietur,
783 2625 812 2703 et
817 2636 1070 2725 profundendum
1081 2657 1143 2724 pro

10 2752 14 2761 “
65 2738 259 2806 montione
276 2745 459 2825 sanquinem
475 2740 510 2804 de
526 2761 653 2829 corpore
677 2752 730 2806 tuo
753 2746 886 2830 occepit;
903 2763 941 2807 oc
964 2741 999 2806 de
1018 2755 1046 2806 te
1061 2764 1144 2809 sum·

10 2844 29 2877 ⁵
64 2844 238 2935 prit,quod
250 2848 343 2909 etium
360 2865 422 2931 pro
446 2855 473 2908 te
495 2845 607 2909 solvet.
632 2843 660 2907 A
678 2850 803 2932 peccati
824 2850 902 2911 enim
929 2851 1039 2912 veteris
1060 2867 1144 2913 necu

10 2944 33 2985 ²
70 2944 131 3032 (por
143 2949 190 3033 re)
213 2969 279 3012 non
302 2958 346 3012 est
361 2951 505 3011 immunis
521 2969 577 3011 nee
591 2952 660 3035 apso
687 2944 833 3014 Genitrin
850 2948 1077 3036 Redemptoris3
1096 2971 1144 3015 so·

68 3048 113 3114 lus
133 3053 203 3139 ille,
219 3052 292 3117 licet
307 3073 346 3117 ee
361 3050 459 3116 debito
480 3063 679 3128 renascatur,
698 3053 760 3135 leqe
789 3064 890 3117 tomen
913 3058 1023 3119 veteris
1050 3052 1146 3120 debiti·

10 3152 28 3191 ⁵
70 3172 129 3218 con
158 3165 296 3220 tenetur.-
320 3152 379 3218 ubi
401 3153 554 3218 Petavius
581 3153 803 3219 animadvertit
825 3153 907 3218 illud
928 3177 988 3243 per
1008 3177 1040 3222 se
1054 3155 1143 3222 baud

10 3262 27 3319 2¹
74 3256 210 3342 reperiri
232 3256 267 3321 in
288 3254 455 3323 veteribus
486 3253 665 3340 codicibus3
685 3254 742 3321 sed
758 3255 919 3321 adiectum
935 3254 1038 3324 fuisse
1054 3278 1073 3323 a
1089 3258 1144 3345 pio

10 3364 27 3397 ¹
75 3355 182 3446 aliquo
195 3357 395 3425 immaculati
412 3357 594 3445 Conceptus
609 3356 737 3424 fautore
754 3360 939 3447 suspicatur
955 3356 1010 3448 (l).

17 3462 27 3471 “
152 3466 221 3532 Nec
233 3483 297 3529 non
308 3462 535 3550 sFulgentius
547 3463 581 3528 in
593 3462 649 3528 lib.
667 3463 883 3530 Deluccrnot.
897 3465 1000 3552 capti
1017 3465 1142 3532 scribit:

10 3570 30 3597 '¹
70 3563 149 3635 llaec
171 3580 216 3633 est
235 3572 366 3654 qratia,
389 3590 453 3656 quo
481 3568 600 3654 fectum
624 3580 689 3645 est,
711 3580 748 3633 ut
770 3567 853 3633 Deus
882 3575 938 3657 qui
966 3575 1051 3636 oenit
1071 3592 1143 3658 pec-

1148 2349 1154 2361 ·
1204 2291 1373 2348 emorou-

1196 2363 1329 2418 mitreum.

10 3666 33 3755 ζ’
69 3682 133 3738 coto
148 3673 270 3749 tollere,
286 3676 362 3760 quio
379 3683 543 3759 peccatum
557 3676 591 3737 in
607 3693 640 3736 eo
657 3693 721 3737 non
736 3683 792 3749 eet,
807 3672 894 3738 bomo
915 3680 1142 3761 conciperetur,
1228 3760 1234 3772 ι

10 3768 27 3803 ²
71 3786 152 3863 utque
168 3788 352 3844 nosceretur
365 3781 400 3842 in
414 3777 613 3842 similitudine
633 3783 738 3842 curnis
757 3784 893 3866 peccati,
910 3779 945 3843 de
964 3799 1058 3843 corne
1069 3799 1141 3864 pcc-

10 3875 28 3909 Β
68 3885 130 3974 coti.
157 3879 244 3948 Coro
261 3887 372 3971 quippe
388 3880 526 3960 Murice,
542 3903 620 3970 quoe
636 3887 670 3946 in
685 3883 900 3970 iniquitatibus
922 3884 1060 3949 bunone
1070 3867 1141 3966 vfree·

10 3992 24 4111 ,-
68 3995 112 4047 ret
132 3988 328 4052 solemnitate
344 3997 503 4074 concepto,
514 4008 587 4053 caro
600 3987 663 4070 fuit
673 3992 779 4074 utique
786 3993 921 4075 peccati,
933 4009 1012 4074 quoe
1022 3984 1139 4052 Filium

93 4159 121 4230 (ll
141 4167 205 4219 Loc.
218 4167 263 4218 cit.
273 4180 300 4217 n.
311 4160 337 4217 5.
