2828 4904
752 334 939 406 -lst-

295 463 372 532 tur,
397 455 453 520 sed
477 456 647 532 sufficere,
672 463 710 519 ιιι
735 456 973 526 inille-veluti
996 457 1175 524 obvolutus
1199 456 1310 523 saltem
1325 456 1366 522 de

293 559 419 625 litescat
434 569 532 646 atque
550 558 767 625 adumbratim
791 561 1004 647 significatus,
1025 583 1097 641 seu,
1118 561 1171 626 uti
1187 560 1366 648 loquuntur,

291 664 448 752 implicite
471 665 677 750 reperiatur3
702 685 807 751 neque
837 666 914 731 item
946 666 1131 731 necessario
1163 663 1365 752 postularint

291 769 381 834 illius
405 789 508 835 nexus
537 791 612 835 cum
635 768 745 834 divino
775 768 875 834 verbo
896 769 1058 834 evidentia
1088 769 1238 834 lucescat
1258 769 1367 857 pliqsicr

290 873 340 938 vel
351 874 559 962 metaphysica
573 875 629 938 sed
643 880 768 939 tantum
783 876 909 951 morali,
926 874 1012 939 hunc
1028 874 1061 937 in
1079 872 1216 939 modum
1227 874 1300 961 piae
1312 895 1367 941 sen

292 979 411 1044 tentiae
434 978 562 1065 patroni
586 976 625 1042 ad
649 978 840 1064 originalem
865 980 903 1043 B.
929 978 1077 1063 Virginis
1100 977 1298 1044 munditiem
1316 978 1385 1043 rin·

292 1081 461 1147 dicandam
478 1082 673 1170 procedunt

93 1194 177 1247 nlntio
190 1206 221 1244 ex
374 1187 425 1251 Ex
438 1185 500 1252 fide
513 1194 572 1264 est,
587 1207 645 1251 sen
657 1206 698 1251 ex
710 1185 785 1251 fidei
797 1194 923 1252 constat
934 1184 1145 1264 certitudine,
1159 1185 1216 1253 uti
1229 1207 1271 1251 ex
1283 1183 1391 1273 proin·

70 1264 227 1401 lxm?
292 1293 334 1358 tis
347 1291 531 1359 divinorum
541 1291 723 1358 Bibliorum
736 1291 876 1378 eloquiis
888 1300 920 1357 et
931 1314 972 1356 ex
986 1292 1133 1357 unanimi
1122 1292 1364 1361 mthoherrn

290 1398 500 1462 consensione
516 1404 619 1484 patet,
635 1395 815 1462 Ecclesiam
837 1398 1015 1462 columnam
1029 1418 1090 1461 csse
1106 1408 1137 1461 et
1151 1397 1391 1516 1βνιιιαιιιιιιιιΙ

289 1507 444 1582 caritatis,
461 1524 545 1590 quae
564 1502 707 1590 Spiritus
724 1501 834 1568 Sancti
849 1502 981 1566 numine
996 1501 1161 1582 afflata,'
1132 1523 1277 1619 eiusque
1292 1518 1368 1587 pm·-
1379 1454 1391 1603 l

292 1604 376 1670 senti
412 1604 513 1670 tutela
548 1614 647 1691 atque
675 1604 800 1669 auxilio
834 1613 979 1690 protecta
1007 1601 1109 1669 falli
1099 1625 1134 1669 ιιι
1158 1604 1204 1669 iis
1234 1601 1391 1691 amabas

288 1707 419 1773 omnino
442 1707 576 1795 nequit,
600 1728 686 1796 quae
710 1707 750 1772 ad
774 1707 869 1772 fidem
897 1714 930 1772 et
957 1706 1149 1793 religionem
1173 1706 1359 1781 christianin

288 1821 445 1904 spectant.
472 1816 573 1880 Porro
596 1812 729 1880 evidens
756 1821 805 1878 est
829 1813 991 1879 evidentia
1015 1811 1131 1880 lacti
1121 1834 1169 1878 ιιι·
1183 1819 1252 1896 tota
1272 1808 1354 1883 uela
1386 1848 1391 1853 ·

286 1919 336 1985 sia
358 1918 559 2007 pervulgati,
577 1918 803 2007 conceptionis
820 1918 940 1983 festum
956 1918 1061 2006 primo
1087 1918 1123 1983 in
1143 1915 1291 1984 ecclesiis
1307 1932 1353 2013 sq
1374 1933 1391 1996 1'

283 2024 401 2112 paucis
424 2022 624 2089 celebratum
644 2044 733 2101 esse,
750 2023 891 2088 romanis
909 2022 1121 2088 Pontificibus
1136 2021 1175 2088 id
1199 2022 1293 2089 tacite
1310 2016 1353 2085 sd·
1374 2042 1391 2093 ·.

284 2136 348 2205 tem
379 2126 618 2216 probantibus,
643 2126 759 2192 deinde
791 2127 924 2192 veroin
952 2126 1101 2193 Ecclesia
1129 2126 1304 2204 universa,
1321 2134 1365 2195 ιι

283 2235 461 2303 eorundem
478 2257 679 2303 summorum
696 2236 889 2302 Pontificum
912 2237 1120 2302 institutione
1135 2243 1171 2301 ct
1193 2238 1339 2322 praecept

279 2339 382 2430 idque
398 2342 462 2408 iam
478 2342 603 2430 aliquot
618 2341 736 2407 abhinc
754 2341 884 2406 seculis.
900 2343 1044 2406 Rursum
1056 2340 1170 2406 eadem
1184 2334 1333 2407 certitu&
1377 2375 1391 2415 ,a

282 2451 382 2534 atque
407 2446 568 2512 evidentia
593 2443 680 2534 apud
697 2466 807 2509 omnes
830 2445 934 2530 liquet
956 2443 1121 2508 obiectum
1146 2443 1253 2510 huius
1272 2436 1334 2508 ch
1358 2440 1362 2445 ’

281 2569 324 2614 cx
347 2548 511 2615 Ecclesiae
535 2557 657 2628 mente,
674 2570 771 2636 quam
788 2549 862 2635 plus
886 2549 956 2613 vice
980 2547 1122 2633 simplici
1147 2549 1276 2613 romani
1294 2546 1339 2610 ln
1368 2556 1391 2624 ε.

282 2649 386 2716 tiliccs
409 2651 560 2717 fidelibus
582 2648 752 2738 aperuere,
782 2671 909 2736 semper
932 2649 1066 2714 antehac
1090 2647 1196 2715 fuisse
1221 2643 1340 2736 atque'n

281 2758 465 2842 praesentia
481 2779 552 2824 esse
568 2757 695 2824 beatam
704 2758 871 2843 Virginem
889 2759 991 2843 ipsam
1009 2763 1188 2842 spectatam
1205 2759 1256 2822 uti
1272 2769 1343 2839 apen
1386 2806 1390 2811 .

200 2862 202 2867 '
282 2868 356 2928 cato
371 2860 549 2951 originario
571 2870 809 2951 praeservatam
826 2862 860 2926 in
876 2883 916 2926 eo
930 2861 1085 2946 temporis
1101 2869 1245 2947 puncto,
1261 2862 1289 2925 in
1301 2873 1342 2944 qut

279 2961 424 3049 primum
449 2963 523 3030 eius
550 2965 746 3051 corpusculo
769 2965 874 3029 anima
906 2961 1062 3028 adhaesit
1074 2961 1130 3050 (Ι)
1157 2963 1242 3030 Cum
1269 2960 1342 3047 igitur

283 3076 410 3135 certum
434 3069 477 3135 sit
492 3092 533 3137 ex
550 3068 626 3138 fidei
642 3069 841 3136 certitudine
865 3070 1043 3134 Ecclesiam
1057 3091 1172 3135 errare
1196 3091 1259 3136 non
1280 3081 1343 3154 pout
1385 3106 1391 3115 =

158 3193 163 3203 ’
282 3174 382 3240 iniis
406 3175 568 3254 omnibus,
593 3175 741 3262 quaead
765 3173 879 3250 fidem,
905 3173 1183 3260 christianamque
1215 3170 1344 3263 pertinetl

283 3277 482 3366 religionem,
507 3302 545 3347 ac
567 3288 657 3346 certa
673 3287 841 3368 praetcrea
863 3279 906 3343 sit
926 3300 967 3343 ex
984 3277 1148 3343 evidentia
1167 3277 1272 3344 lacti
1263 3298 1291 3341 m
1303 3274 1344 3340 llo

284 3384 382 3450 clesia
405 3384 562 3451 catholica
589 3386 750 3451 notissimi
773 3383 875 3451 festae
899 3382 1125 3448 immaculatae
1147 3375 1346 3470 Conceptionit

284 3489 471 3569 celebratio,
488 3491 650 3578 sequitur,
667 3491 935 3579 propositionem,
959 3512 1024 3577 qua
1041 3489 1212 3556 adseritur
1226 3483 1345 3555 immori

283 3605 333 3663 tus
356 3596 515 3681 Deiparae
540 3595 580 3660 ab
603 3596 689 3661 omni
712 3595 837 3684 peccati
862 3594 957 3660 sorde
981 3596 1014 3659 in
1049 3615 1109 3659 sua
1139 3593 1343 3682 conceptione,

282 3699 439 3786 implicite
463 3721 521 3766 seu
544 3701 665 3812 viptute
691 3699 868 3766 habendam
891 3720 962 3764 esse
986 3699 1036 3763 uti
1059 3690 1343 3764 revelatemuiriri

323 3921 356 3988 (ι)
374 3923 519 3976 Consularis
529 3925 668 3977 Eusebium
680 3924 797 3976 Nierem-
850 3923 991 3990 praeferre,
999 3923 1086 3988 quoad
1094 3936 1125 3972 ea
1135 3925 1283 3987 praesentas
1297 3926 1339 3984 ιιι*

261 4042 266 4067 ι
300 4003 535 4077 ’ῐιῦεροιροιιιο
552 4007 650 4061 obiecto
669 4007 793 4076 sestiina·
846 4023 877 4060 ex
890 4011 1041 4073 antiquitate
1059 4009 1173 4072 allegat:
1193 4010 1264 4073 qnod
1280 4012 1338 4056 nas

267 3998 429 4268 {niara
454 4093 637 4165 Concepticnir
667 4092 793 4161 vinciana
846 4096 937 4144 attinet
946 4095 978 4144 ad
988 4084 1155 4143 monimenta
1167 4085 1340 4157 rwentiorqli

330 4187 381 4231 ent.
395 4176 470 4235 1653.
484 4183 625 4232 Fatendum
635 4183 738 4248 quidem
755 4188 794 4232 est
846 4182 927 4245 ligans
939 4186 977 4230 ιιι
989 4186 1014 4231 οι
1024 4185 1170 4256 accuratas.

279 4267 349 4318 hune
369 4274 500 4323 auctorem
518 4282 608 4334 pmum
626 4283 654 4320 se
676 4268 794 4321 criticum
