<?xml version="1.0" encoding="UTF-8"?>
<!DOCTYPE html PUBLIC "-//W3C//DTD XHTML 1.0 Transitional//EN"
    "http://www.w3.org/TR/xhtml1/DTD/xhtml1-transitional.dtd">
<html xmlns="http://www.w3.org/1999/xhtml" xml:lang="en" lang="en">
 <head>
  <title>
</title>
<meta http-equiv="Content-Type" content="text/html;charset=utf-8" />
  <meta name='ocr-system' content='tesseract 3.04.00' />
  <meta name='ocr-capabilities' content='ocr_page ocr_carea ocr_par ocr_line ocrx_word'/>
</head>
<body>
  <div class='ocr_page' id='page_1' title='image "./deimmaculatobvm00perrgoog_0217.png"; bbox 0 0 2828 4904; ppageno 0'>
   <div class='ocr_carea' id='block_1_1' title="bbox 70 2413 251 2680">
    <p class='ocr_par' dir='ltr' id='par_1_1' title="bbox 70 2413 251 2467">
     <span class='ocr_line' id='line_1_1' title="bbox 70 2413 251 2467; baseline 0.028 -5"><span class='ocrx_word' id='word_1_1' title='bbox 70 2413 110 2464; x_wconf 85' lang='lat' dir='ltr'><strong><em>lta</em></strong></span> <span class='ocrx_word' id='word_1_2' title='bbox 120 2415 251 2467; x_wconf 80' lang='lat' dir='ltr'><strong><em>rom.Pon·</em></strong></span> 
     </span>
    </p>

    <p class='ocr_par' dir='ltr' id='par_1_2' title="bbox 72 2486 251 2546">
     <span class='ocr_line' id='line_1_2' title="bbox 72 2486 251 2546; baseline 0.022 -12"><span class='ocrx_word' id='word_1_3' title='bbox 72 2486 155 2546; x_wconf 81' lang='lat' dir='ltr'><strong><em>titloes</em></strong></span> <span class='ocrx_word' id='word_1_4' title='bbox 179 2493 251 2539; x_wconf 84' lang='lat' dir='ltr'><strong><em>ente-</em></strong></span> 
     </span>
    </p>

    <p class='ocr_par' dir='ltr' id='par_1_3' title="bbox 82 2559 239 2680">
     <span class='ocr_line' id='line_1_3' title="bbox 82 2559 239 2610; baseline 0.025 -5"><span class='ocrx_word' id='word_1_5' title='bbox 82 2559 163 2608; x_wconf 86' lang='lat' dir='ltr'><strong><em>riores</em></strong></span> <span class='ocrx_word' id='word_1_6' title='bbox 180 2573 239 2610; x_wconf 85' lang='lat' dir='ltr'><strong><em>sen·</em></strong></span> 
     </span>
     <span class='ocr_line' id='line_1_4' title="bbox 131 2643 188 2680; baseline 0.035 -2"><span class='ocrx_word' id='word_1_7' title='bbox 131 2643 188 2680; x_wconf 84' lang='lat' dir='ltr'><strong><em>sere</em></strong></span> 
     </span>
    </p>
   </div>
   <div class='ocr_carea' id='block_1_2' title="bbox 85 3677 299 3740">
    <p class='ocr_par' dir='ltr' id='par_1_4' title="bbox 85 3677 299 3740">
     <span class='ocr_line' id='line_1_5' title="bbox 85 3677 299 3740; baseline 0.019 -14"><span class='ocrx_word' id='word_1_8' title='bbox 85 3677 143 3740; x_wconf 82' lang='lat' dir='ltr'><strong><em>Quo</em></strong></span> <span class='ocrx_word' id='word_1_9' title='bbox 167 3691 243 3729; x_wconf 81' lang='lat' dir='ltr'><strong><em>sensu</em></strong></span> <span class='ocrx_word' id='word_1_10' title='bbox 296 3722 299 3730; x_wconf 85' lang='lat'><em>.</em></span> 
     </span>
    </p>
   </div>
   <div class='ocr_carea' id='block_1_3' title="bbox 70 3750 239 4012">
    <p class='ocr_par' dir='ltr' id='par_1_5' title="bbox 70 3750 239 4012">
     <span class='ocr_line' id='line_1_6' title="bbox 95 3750 222 3812; baseline 0 -14"><span class='ocrx_word' id='word_1_11' title='bbox 95 3750 222 3812; x_wconf 72' lang='lat' dir='ltr'><strong>scripserit</strong></span> 
     </span>
     <span class='ocr_line' id='line_1_7' title="bbox 70 3818 239 3879; baseline 0.006 -10"><span class='ocrx_word' id='word_1_12' title='bbox 70 3818 239 3879; x_wconf 82' lang='lat' dir='ltr'><strong><em>Bellarminus</em></strong></span> 
     </span>
     <span class='ocr_line' id='line_1_8' title="bbox 83 3903 230 3953; baseline 0 -15"><span class='ocrx_word' id='word_1_13' title='bbox 83 3903 149 3953; x_wconf 80' lang='lat' dir='ltr'><strong><em>quoe</em></strong></span> <span class='ocrx_word' id='word_1_14' title='bbox 158 3905 188 3938; x_wconf 84' lang='lat' dir='ltr'><strong><em>ex</em></strong></span> <span class='ocrx_word' id='word_1_15' title='bbox 198 3904 230 3939; x_wconf 88' lang='lat' dir='ltr'><strong><em>eo</em></strong></span> 
     </span>
     <span class='ocr_line' id='line_1_9' title="bbox 77 3961 234 4012; baseline 0.013 -2"><span class='ocrx_word' id='word_1_16' title='bbox 77 3961 234 4012; x_wconf 84' lang='lat' dir='ltr'><strong><em>obiiciuntnr</em></strong></span> 
     </span>
    </p>
   </div>
   <div class='ocr_carea' id='block_1_4' title="bbox 297 406 1397 3548">
    <p class='ocr_par' dir='ltr' id='par_1_6' title="bbox 297 406 1397 3548">
     <span class='ocr_line' id='line_1_10' title="bbox 302 406 1397 502; baseline 0.005 -21"><span class='ocrx_word' id='word_1_17' title='bbox 302 428 374 482; x_wconf 88' lang='lat' dir='ltr'><strong><em>coto</em></strong></span> <span class='ocrx_word' id='word_1_18' title='bbox 396 415 549 499; x_wconf 74' lang='lat' dir='ltr'><strong><em>orips&#39;stale&#39;</em></strong></span> <span class='ocrx_word' id='word_1_19' title='bbox 558 429 799 502; x_wconf 83' lang='lat' dir='ltr'><strong><em>proeeerontnm</em></strong></span> <span class='ocrx_word' id='word_1_20' title='bbox 812 465 863 482; x_wconf 86' lang='lat'><strong><em>...</em></strong></span> <span class='ocrx_word' id='word_1_21' title='bbox 884 416 1142 493; x_wconf 67' lang='lat' dir='ltr'><strong><em>constitutiones,</em></strong></span> <span class='ocrx_word' id='word_1_22' title='bbox 1164 431 1190 483; x_wconf 90' lang='lat' dir='ltr'><strong><em>et</em></strong></span> <span class='ocrx_word' id='word_1_23' title='bbox 1211 418 1328 486; x_wconf 78' lang='lat' dir='ltr'><strong><em>Dreinos</em></strong></span> <span class='ocrx_word' id='word_1_24' title='bbox 1369 406 1397 467; x_wconf 50' lang='grc' dir='ltr'><strong>Ψ</strong></span> 
     </span>
     <span class='ocr_line' id='line_1_11' title="bbox 303 517 1331 610; baseline 0.003 -25"><span class='ocrx_word' id='word_1_25' title='bbox 303 525 442 586; x_wconf 82' lang='lat' dir='ltr'><strong><em>romanis</em></strong></span> <span class='ocrx_word' id='word_1_26' title='bbox 459 517 660 607; x_wconf 70' lang='lat' dir='ltr'><strong><em>Pontificibus</em></strong></span> <span class='ocrx_word' id='word_1_27' title='bbox 682 521 968 607; x_wconf 69' lang='lat' dir='ltr'><strong><em>praedecessoribus</em></strong></span> <span class='ocrx_word' id='word_1_28' title='bbox 983 526 1114 598; x_wconf 70' lang='lat' dir='ltr'><strong><em>nostres,</em></strong></span> <span class='ocrx_word' id='word_1_29' title='bbox 1133 533 1161 584; x_wconf 87' lang='lat' dir='ltr'><strong><em>ot</em></strong></span> <span class='ocrx_word' id='word_1_30' title='bbox 1175 531 1305 610; x_wconf 80' lang='lat' dir='ltr'><strong><em>praecipe</em></strong></span> <span class='ocrx_word' id='word_1_31' title='bbox 1320 547 1331 588; x_wconf 90' lang='lat' dir='ltr'><strong><em>o</em></strong></span> 
     </span>
     <span class='ocr_line' id='line_1_12' title="bbox 303 612 1397 711; baseline 0.004 -22"><span class='ocrx_word' id='word_1_32' title='bbox 303 624 396 692; x_wconf 77' lang='lat' dir='ltr'><strong><em>Sixto</em></strong></span> <span class='ocrx_word' id='word_1_33' title='bbox 419 624 471 689; x_wconf 75' lang='lat' dir='ltr'><strong><em>rt</em></strong></span> <span class='ocrx_word' id='word_1_34' title='bbox 490 623 595 690; x_wconf 84' lang='lat' dir='ltr'><strong><em>Panlo</em></strong></span> <span class='ocrx_word' id='word_1_35' title='bbox 618 624 813 711; x_wconf 73' lang='lat' dir='ltr'><strong><em>Vtireyore&#39;o</em></strong></span> <span class='ocrx_word' id='word_1_36' title='bbox 827 625 888 689; x_wconf 84' lang='lat' dir='ltr'><strong><em>XV</em></strong></span> <span class='ocrx_word' id='word_1_37' title='bbox 903 627 986 691; x_wconf 77' lang='lat' dir='ltr'><strong><em>edito</em></strong></span> <span class='ocrx_word' id='word_1_38' title='bbox 1008 631 1044 691; x_wconf 81' lang='lat' dir='ltr'><strong><em>in</em></strong></span> <span class='ocrx_word' id='word_1_39' title='bbox 1059 627 1201 710; x_wconf 69' lang='lat' dir='ltr'><strong><em>sonorem</em></strong></span> <span class='ocrx_word' id='word_1_40' title='bbox 1220 634 1335 692; x_wconf 81' lang='lat' dir='ltr'><strong><em>sententio</em></strong></span> <span class='ocrx_word' id='word_1_41' title='bbox 1392 612 1397 645; x_wconf 76' lang='lat'><strong>⁴</strong></span> 
     </span>
     <span class='ocr_line' id='line_1_13' title="bbox 302 711 1397 814; baseline -0.001 -19"><span class='ocrx_word' id='word_1_42' title='bbox 302 733 491 808; x_wconf 79' lang='lat' dir='ltr'><strong><em>asserentis,</em></strong></span> <span class='ocrx_word' id='word_1_43' title='bbox 521 733 661 795; x_wconf 82' lang='lat' dir='ltr'><strong><em>animane</em></strong></span> <span class='ocrx_word' id='word_1_44' title='bbox 695 729 802 795; x_wconf 79' lang='lat' dir='ltr'><strong><em>beotoe</em></strong></span> <span class='ocrx_word' id='word_1_45' title='bbox 825 730 950 795; x_wconf 81' lang='lat' dir='ltr'><strong><em>Mariae</em></strong></span> <span class='ocrx_word' id='word_1_46' title='bbox 985 727 1120 814; x_wconf 77' lang='lat' dir='ltr'><strong><em>Virpe&#39;ns‘s</em></strong></span> <span class='ocrx_word' id='word_1_47' title='bbox 1148 735 1182 794; x_wconf 80' lang='lat' dir='ltr'><strong><em>in</em></strong></span> <span class='ocrx_word' id='word_1_48' title='bbox 1210 755 1264 794; x_wconf 74' lang='lat' dir='ltr'><strong><em>soi</em></strong></span> <span class='ocrx_word' id='word_1_49' title='bbox 1284 755 1340 796; x_wconf 74' lang='lat' dir='ltr'><strong><em>oris</em></strong></span> <span class='ocrx_word' id='word_1_50' title='bbox 1390 711 1397 773; x_wconf 78' lang='lat' dir='ltr'><strong><em>l</em></strong></span> 
     </span>
     <span class='ocr_line' id='line_1_14' title="bbox 303 835 1392 923; baseline 0.006 -27"><span class='ocrx_word' id='word_1_51' title='bbox 303 857 406 898; x_wconf 81' lang='lat' dir='ltr'><strong><em>rronn</em></strong></span> <span class='ocrx_word' id='word_1_52' title='bbox 429 859 471 898; x_wconf 82' lang='lat' dir='ltr'><strong><em>nr</em></strong></span> <span class='ocrx_word' id='word_1_53' title='bbox 497 859 537 899; x_wconf 84' lang='lat' dir='ltr'><strong><em>ru</em></strong></span> <span class='ocrx_word' id='word_1_54' title='bbox 561 859 672 900; x_wconf 77' lang='lat' dir='ltr'><strong><em>coneus</em></strong></span> <span class='ocrx_word' id='word_1_55' title='bbox 695 860 874 901; x_wconf 81' lang='lat' dir='ltr'><strong><em>rurusronn</em></strong></span> <span class='ocrx_word' id='word_1_56' title='bbox 898 835 1038 923; x_wconf 80' lang='lat' dir='ltr'><strong><em>Spirstns</em></strong></span> <span class='ocrx_word' id='word_1_57' title='bbox 1068 835 1184 901; x_wconf 79' lang='lat' dir='ltr'><em>Sancti</em></span> <span class='ocrx_word' id='word_1_58' title='bbox 1202 843 1294 922; x_wconf 79' lang='lat' dir='ltr'><strong><em>pratia</em></strong></span> <span class='ocrx_word' id='word_1_59' title='bbox 1312 839 1343 901; x_wconf 79' lang='lat' dir='ltr'><strong><em>lt·</em></strong></span> <span class='ocrx_word' id='word_1_60' title='bbox 1387 849 1392 853; x_wconf 82' lang='lat'>&#39;</span> 
     </span>
     <span class='ocr_line' id='line_1_15' title="bbox 301 937 1380 1029; baseline 0.003 -25"><span class='ocrx_word' id='word_1_61' title='bbox 301 950 424 1017; x_wconf 71' lang='lat' dir='ltr'><strong><em>nomm,</em></strong></span> <span class='ocrx_word' id='word_1_62' title='bbox 447 951 476 1005; x_wconf 92' lang='lat' dir='ltr'><strong><em>et</em></strong></span> <span class='ocrx_word' id='word_1_63' title='bbox 500 962 520 1005; x_wconf 89' lang='lat' dir='ltr'><strong><em>a</em></strong></span> <span class='ocrx_word' id='word_1_64' title='bbox 543 953 672 1027; x_wconf 85' lang='lat' dir='ltr'><strong><em>peccato</em></strong></span> <span class='ocrx_word' id='word_1_65' title='bbox 696 943 848 1026; x_wconf 80' lang='lat' dir='ltr'><strong><em>oripinote&#39;</em></strong></span> <span class='ocrx_word' id='word_1_66' title='bbox 865 953 1105 1028; x_wconf 81' lang='lat' dir='ltr'><strong><em>praeseruotom</em></strong></span> <span class='ocrx_word' id='word_1_67' title='bbox 1120 941 1227 1023; x_wconf 76' lang='lat' dir='ltr'><strong><em>sense,</em></strong></span> <span class='ocrx_word' id='word_1_68' title='bbox 1247 965 1291 1007; x_wconf 87' lang='lat' dir='ltr'><strong><em>nee</em></strong></span> <span class='ocrx_word' id='word_1_69' title='bbox 1306 962 1345 1008; x_wconf 83' lang='lat' dir='ltr'><strong><em>ut</em></strong></span> <span class='ocrx_word' id='word_1_70' title='bbox 1365 937 1380 1029; x_wconf 38' lang='lat' dir='ltr'>J</span> 
     </span>
     <span class='ocr_line' id='line_1_16' title="bbox 303 1034 1387 1135; baseline 0.006 -28"><span class='ocrx_word' id='word_1_71' title='bbox 303 1049 387 1108; x_wconf 78' lang='lat' dir='ltr'><strong><em>etin</em></strong></span> <span class='ocrx_word' id='word_1_72' title='bbox 408 1045 550 1128; x_wconf 67' lang='lat' dir='ltr'><strong><em>fauorem</em></strong></span> <span class='ocrx_word' id='word_1_73' title='bbox 570 1047 657 1132; x_wconf 71' lang='lat' dir='ltr'><strong><em>festi,</em></strong></span> <span class='ocrx_word' id='word_1_74' title='bbox 682 1058 711 1110; x_wconf 89' lang='lat' dir='ltr'><strong><em>et</em></strong></span> <span class='ocrx_word' id='word_1_75' title='bbox 733 1049 837 1112; x_wconf 85' lang='lat' dir='ltr'><strong><em>cultas</em></strong></span> <span class='ocrx_word' id='word_1_76' title='bbox 863 1045 1078 1135; x_wconf 71' lang='lat' dir='ltr'><strong><em>conceptionis</em></strong></span> <span class='ocrx_word' id='word_1_77' title='bbox 1099 1047 1234 1112; x_wconf 67' lang='lat' dir='ltr'><strong><em>nomm</em></strong></span> <span class='ocrx_word' id='word_1_78' title='bbox 1254 1034 1387 1132; x_wconf 56' lang='lat' dir='ltr'><strong><em>Vicetini</em></strong></span> 
     </span>
     <span class='ocr_line' id='line_1_17' title="bbox 302 1146 1376 1242; baseline 0.009 -32"><span class='ocrx_word' id='word_1_79' title='bbox 302 1146 471 1234; x_wconf 70' lang='lat' dir='ltr'><strong><em>vesperos,</em></strong></span> <span class='ocrx_word' id='word_1_80' title='bbox 494 1150 663 1216; x_wconf 81' lang='lat' dir='ltr'><strong><em>seeundum</em></strong></span> <span class='ocrx_word' id='word_1_81' title='bbox 684 1156 775 1240; x_wconf 82' lang='lat' dir='ltr'><strong><em>piem</em></strong></span> <span class='ocrx_word' id='word_1_82' title='bbox 796 1157 889 1216; x_wconf 79' lang='lat' dir='ltr'><strong><em>istem</em></strong></span> <span class='ocrx_word' id='word_1_83' title='bbox 911 1159 1117 1229; x_wconf 80' lang='lat' dir='ltr'><strong><em>sententiam,</em></strong></span> <span class='ocrx_word' id='word_1_84' title='bbox 1139 1165 1177 1218; x_wconf 79' lang='lat' dir='ltr'><strong><em>at</em></strong></span> <span class='ocrx_word' id='word_1_85' title='bbox 1194 1156 1376 1242; x_wconf 66' lang='lat' dir='ltr'><strong><em>praesertin*</em></strong></span> 
     </span>
     <span class='ocr_line' id='line_1_18' title="bbox 301 1252 1397 1343; baseline 0.012 -29"><span class='ocrx_word' id='word_1_86' title='bbox 301 1252 438 1333; x_wconf 60' lang='lat' dir='ltr'><strong><em>cottone</em></strong></span> <span class='ocrx_word' id='word_1_87' title='bbox 456 1261 653 1332; x_wconf 82' lang='lat' dir='ltr'><strong><em>innovamus,</em></strong></span> <span class='ocrx_word' id='word_1_88' title='bbox 671 1268 700 1321; x_wconf 90' lang='lat' dir='ltr'><strong><em>et</em></strong></span> <span class='ocrx_word' id='word_1_89' title='bbox 716 1256 772 1322; x_wconf 84' lang='lat' dir='ltr'><strong><em>snb</em></strong></span> <span class='ocrx_word' id='word_1_90' title='bbox 793 1261 930 1322; x_wconf 80' lang='lat' dir='ltr'><strong><em>censuris</em></strong></span> <span class='ocrx_word' id='word_1_91' title='bbox 948 1267 976 1319; x_wconf 90' lang='lat' dir='ltr'><strong><em>et</em></strong></span> <span class='ocrx_word' id='word_1_92' title='bbox 994 1261 1104 1343; x_wconf 80' lang='lat' dir='ltr'><strong><em>poenis</em></strong></span> <span class='ocrx_word' id='word_1_93' title='bbox 1120 1263 1155 1322; x_wconf 84' lang='lat' dir='ltr'><strong><em>in</em></strong></span> <span class='ocrx_word' id='word_1_94' title='bbox 1178 1259 1285 1324; x_wconf 70' lang='lat' dir='ltr'><strong><em>endem</em></strong></span> <span class='ocrx_word' id='word_1_95' title='bbox 1304 1257 1348 1325; x_wconf 67' lang='lat' dir='ltr'><strong><em>Gn</em></strong></span> <span class='ocrx_word' id='word_1_96' title='bbox 1372 1274 1397 1327; x_wconf 77' lang='lat' dir='ltr'><strong><em>s:</em></strong></span> 
     </span>
     <span class='ocr_line' id='line_1_19' title="bbox 302 1360 1397 1450; baseline 0.006 -27"><span class='ocrx_word' id='word_1_97' title='bbox 302 1360 514 1425; x_wconf 79' lang='lat' dir='ltr'><strong><em>stitutionibas</em></strong></span> <span class='ocrx_word' id='word_1_98' title='bbox 534 1367 684 1426; x_wconf 81' lang='lat' dir='ltr'><strong><em>contentis</em></strong></span> <span class='ocrx_word' id='word_1_99' title='bbox 718 1361 880 1427; x_wconf 81' lang='lat' dir='ltr'><strong><em>obseruari</em></strong></span> <span class='ocrx_word' id='word_1_100' title='bbox 899 1362 1087 1427; x_wconf 81' lang='lat' dir='ltr'><strong><em>mandamns</em></strong></span> <span class='ocrx_word' id='word_1_101' title='bbox 1122 1360 1179 1450; x_wconf 67' lang='lat' dir='ltr'><strong><em>(ll.</em></strong></span> <span class='ocrx_word' id='word_1_102' title='bbox 1203 1364 1247 1429; x_wconf 85' lang='lat' dir='ltr'><strong><em>Et</em></strong></span> <span class='ocrx_word' id='word_1_103' title='bbox 1268 1364 1349 1431; x_wconf 71' lang='lat' dir='ltr'><strong><em>elain</em></strong></span> <span class='ocrx_word' id='word_1_104' title='bbox 1386 1378 1397 1444; x_wconf 90' lang='grc'>1</span> 
     </span>
     <span class='ocr_line' id='line_1_20' title="bbox 304 1461 1397 1551; baseline 0.001 -25"><span class='ocrx_word' id='word_1_105' title='bbox 304 1461 408 1527; x_wconf 85' lang='lat' dir='ltr'><strong><em>adhuc</em></strong></span> <span class='ocrx_word' id='word_1_106' title='bbox 432 1463 497 1527; x_wconf 91' lang='lat' dir='ltr'><strong><em>iam</em></strong></span> <span class='ocrx_word' id='word_1_107' title='bbox 519 1465 730 1551; x_wconf 80' lang='lat' dir='ltr'><strong><em>praemiserat</em></strong></span> <span class='ocrx_word' id='word_1_108' title='bbox 755 1463 940 1530; x_wconf 79' lang='lat' dir='ltr'><strong><em>Alexander</em></strong></span> <span class='ocrx_word' id='word_1_109' title='bbox 955 1466 1017 1530; x_wconf 87' lang='lat' dir='ltr'><strong><em>Vll</em></strong></span> <span class='ocrx_word' id='word_1_110' title='bbox 1041 1464 1154 1531; x_wconf 84' lang='lat' dir='ltr'><strong><em>eadem</em></strong></span> <span class='ocrx_word' id='word_1_111' title='bbox 1174 1466 1209 1531; x_wconf 91' lang='lat' dir='ltr'><strong><em>iu</em></strong></span> <span class='ocrx_word' id='word_1_112' title='bbox 1230 1466 1356 1533; x_wconf 78' lang='lat' dir='ltr'><strong><em>Constitn</em></strong></span> <span class='ocrx_word' id='word_1_113' title='bbox 1380 1470 1397 1535; x_wconf 71' lang='lat' dir='ltr'><strong><em>‚l</em></strong></span> 
     </span>
     <span class='ocr_line' id='line_1_21' title="bbox 304 1567 1392 1660; baseline 0.005 -30"><span class='ocrx_word' id='word_1_114' title='bbox 304 1567 401 1632; x_wconf 87' lang='lat' dir='ltr'><strong><em>tione:</em></strong></span> <span class='ocrx_word' id='word_1_115' title='bbox 421 1568 511 1634; x_wconf 83' lang='lat' dir='ltr'><strong><em>Vetus</em></strong></span> <span class='ocrx_word' id='word_1_116' title='bbox 521 1583 565 1634; x_wconf 86' lang='lat' dir='ltr'><strong><em>eet</em></strong></span> <span class='ocrx_word' id='word_1_117' title='bbox 580 1568 831 1660; x_wconf 74' lang='lat' dir='ltr'><strong><em>Christifidelinm</em></strong></span> <span class='ocrx_word' id='word_1_118' title='bbox 851 1593 926 1654; x_wconf 79' lang='lat' dir='ltr'><strong><em>erpo</em></strong></span> <span class='ocrx_word' id='word_1_119' title='bbox 945 1576 1010 1635; x_wconf 82' lang='lat' dir='ltr'><strong><em>eins</em></strong></span> <span class='ocrx_word' id='word_1_120' title='bbox 1029 1570 1240 1638; x_wconf 76' lang='lat' dir='ltr'><strong><em>beatlsninam</em></strong></span> <span class='ocrx_word' id='word_1_121' title='bbox 1258 1573 1359 1639; x_wconf 74' lang='lat' dir='ltr'><strong><em>Matres</em></strong></span> <span class='ocrx_word' id='word_1_122' title='bbox 1378 1572 1392 1635; x_wconf 77' lang='lat' dir='ltr'><strong><em>&#39;r</em></strong></span> 
     </span>
     <span class='ocr_line' id='line_1_22' title="bbox 309 1671 1397 1762; baseline 0.006 -27"><span class='ocrx_word' id='word_1_123' title='bbox 309 1671 463 1757; x_wconf 75' lang='lat' dir='ltr'><strong><em>Virpinern</em></strong></span> <span class='ocrx_word' id='word_1_124' title='bbox 486 1673 627 1740; x_wconf 83' lang='lat' dir='ltr'><strong><em>Mariam</em></strong></span> <span class='ocrx_word' id='word_1_125' title='bbox 644 1679 766 1762; x_wconf 82' lang='lat' dir='ltr'><strong><em>pietas,</em></strong></span> <span class='ocrx_word' id='word_1_126' title='bbox 784 1680 994 1752; x_wconf 80' lang='lat' dir='ltr'><strong><em>sentientium,</em></strong></span> <span class='ocrx_word' id='word_1_127' title='bbox 1011 1680 1077 1740; x_wconf 80' lang='lat' dir='ltr'><strong><em>eins</em></strong></span> <span class='ocrx_word' id='word_1_128' title='bbox 1099 1682 1244 1742; x_wconf 83' lang='lat' dir='ltr'><strong><em>animam</em></strong></span> <span class='ocrx_word' id='word_1_129' title='bbox 1265 1701 1300 1743; x_wconf 80' lang='lat' dir='ltr'><strong><em>rs</em></strong></span> <span class='ocrx_word' id='word_1_130' title='bbox 1319 1698 1362 1741; x_wconf 79' lang='lat' dir='ltr'><strong><em>reo</em></strong></span> <span class='ocrx_word' id='word_1_131' title='bbox 1384 1676 1397 1742; x_wconf 69' lang='lat' dir='ltr'><strong><em>&#39;i</em></strong></span> 
     </span>
     <span class='ocr_line' id='line_1_23' title="bbox 300 1780 1397 1872; baseline 0.007 -31"><span class='ocrx_word' id='word_1_132' title='bbox 300 1802 349 1841; x_wconf 78' lang='lat' dir='ltr'><strong><em>aro</em></strong></span> <span class='ocrx_word' id='word_1_133' title='bbox 372 1804 540 1844; x_wconf 68' lang='lat' dir='ltr'><strong><em>rnsronrr</em></strong></span> <span class='ocrx_word' id='word_1_134' title='bbox 575 1785 741 1847; x_wconf 77' lang='lat' dir='ltr'><strong><em>creationis</em></strong></span> <span class='ocrx_word' id='word_1_135' title='bbox 772 1793 866 1867; x_wconf 81' lang='lat' dir='ltr'><strong><em>otqne</em></strong></span> <span class='ocrx_word' id='word_1_136' title='bbox 900 1780 1065 1865; x_wconf 72' lang='lat' dir='ltr'><strong><em>infusionis</em></strong></span> <span class='ocrx_word' id='word_1_137' title='bbox 1086 1787 1123 1846; x_wconf 85' lang='lat' dir='ltr'><strong><em>e&#39;n</em></strong></span> <span class='ocrx_word' id='word_1_138' title='bbox 1149 1805 1267 1872; x_wconf 81' lang='lat' dir='ltr'><strong><em>coepas</em></strong></span> <span class='ocrx_word' id='word_1_139' title='bbox 1297 1784 1362 1867; x_wconf 69' lang='lat' dir='ltr'><strong><em>{aar</em></strong></span> <span class='ocrx_word' id='word_1_140' title='bbox 1393 1785 1397 1848; x_wconf 90' lang='lat' dir='ltr'><strong><em>l</em></strong></span> 
     </span>
     <span class='ocr_line' id='line_1_24' title="bbox 300 1883 1364 1974; baseline 0.006 -29"><span class='ocrx_word' id='word_1_141' title='bbox 300 1885 431 1968; x_wconf 81' lang='lat' dir='ltr'><strong><em>speciali</em></strong></span> <span class='ocrx_word' id='word_1_142' title='bbox 460 1883 520 1948; x_wconf 84' lang='lat' dir='ltr'><strong><em>Dei</em></strong></span> <span class='ocrx_word' id='word_1_143' title='bbox 541 1891 675 1969; x_wconf 78' lang='lat' dir='ltr'><strong><em>pratia,</em></strong></span> <span class='ocrx_word' id='word_1_144' title='bbox 698 1898 727 1951; x_wconf 92' lang='lat' dir='ltr'><strong><em>et</em></strong></span> <span class='ocrx_word' id='word_1_145' title='bbox 750 1885 939 1974; x_wconf 77' lang='lat' dir='ltr'><strong><em>privilepio,</em></strong></span> <span class='ocrx_word' id='word_1_146' title='bbox 960 1889 1079 1950; x_wconf 79' lang='lat' dir='ltr'><strong><em>intuitu</em></strong></span> <span class='ocrx_word' id='word_1_147' title='bbox 1101 1892 1289 1953; x_wconf 74' lang='lat' dir='ltr'><strong><em>meritorum</em></strong></span> <span class='ocrx_word' id='word_1_148' title='bbox 1316 1885 1364 1951; x_wconf 84' lang='lat' dir='ltr'><strong><em>lest</em></strong></span> 
     </span>
     <span class='ocr_line' id='line_1_25' title="bbox 298 1987 1365 2081; baseline 0.007 -29"><span class='ocrx_word' id='word_1_149' title='bbox 298 1987 423 2057; x_wconf 76' lang='lat' dir='ltr'><strong><em>-ctrun</em></strong></span> <span class='ocrx_word' id='word_1_150' title='bbox 433 1997 500 2059; x_wconf 80' lang='lat' dir='ltr'><strong><em>ee&#39;as</em></strong></span> <span class='ocrx_word' id='word_1_151' title='bbox 513 1992 600 2072; x_wconf 78' lang='lat' dir='ltr'><strong><em>Filii,</em></strong></span> <span class='ocrx_word' id='word_1_152' title='bbox 618 1993 748 2058; x_wconf 77' lang='lat' dir='ltr'><strong><em>lomoni</em></strong></span> <span class='ocrx_word' id='word_1_153' title='bbox 759 1998 881 2077; x_wconf 80' lang='lat' dir='ltr'><strong><em>poneris</em></strong></span> <span class='ocrx_word' id='word_1_154' title='bbox 898 1991 1122 2078; x_wconf 73' lang='lat' dir='ltr'><strong><em>nonnpnrn,</em></strong></span> <span class='ocrx_word' id='word_1_155' title='bbox 1141 2015 1162 2057; x_wconf 86' lang='lat' dir='ltr'><strong><em>o</em></strong></span> <span class='ocrx_word' id='word_1_156' title='bbox 1179 1995 1307 2058; x_wconf 79' lang='lat' dir='ltr'><strong><em>morata</em></strong></span> <span class='ocrx_word' id='word_1_157' title='bbox 1317 2013 1365 2081; x_wconf 78' lang='lat' dir='ltr'><strong><em>pec</em></strong></span> 
     </span>
     <span class='ocr_line' id='line_1_26' title="bbox 297 2101 1364 2188; baseline 0.002 -28"><span class='ocrx_word' id='word_1_158' title='bbox 297 2101 365 2160; x_wconf 83' lang='lat' dir='ltr'><strong><em>coti</em></strong></span> <span class='ocrx_word' id='word_1_159' title='bbox 388 2101 552 2182; x_wconf 80' lang='lat' dir='ltr'><strong><em>oripe&#39;nolis</em></strong></span> <span class='ocrx_word' id='word_1_160' title='bbox 571 2112 811 2188; x_wconf 87' lang='lat' dir='ltr'><strong><em>proeserootom</em></strong></span> <span class='ocrx_word' id='word_1_161' title='bbox 833 2104 1011 2174; x_wconf 79' lang='lat' dir='ltr'><strong><em>immunem,</em></strong></span> <span class='ocrx_word' id='word_1_162' title='bbox 1028 2109 1121 2184; x_wconf 82' lang='lat' dir='ltr'><strong><em>otqne</em></strong></span> <span class='ocrx_word' id='word_1_163' title='bbox 1144 2123 1187 2162; x_wconf 82' lang='lat' dir='ltr'><strong><em>ru</em></strong></span> <span class='ocrx_word' id='word_1_164' title='bbox 1210 2123 1274 2163; x_wconf 82' lang='lat' dir='ltr'><strong><em>noc</em></strong></span> <span class='ocrx_word' id='word_1_165' title='bbox 1290 2118 1364 2177; x_wconf 77' lang='lat' dir='ltr'><strong><em>seen</em></strong></span> 
     </span>
     <span class='ocr_line' id='line_1_27' title="bbox 297 2195 1390 2289; baseline 0.005 -28"><span class='ocrx_word' id='word_1_166' title='bbox 297 2202 365 2263; x_wconf 79' lang='lat' dir='ltr'><strong><em>eins</em></strong></span> <span class='ocrx_word' id='word_1_167' title='bbox 389 2195 605 2289; x_wconf 79' lang='lat' dir='ltr'><strong><em>Conceptionis</em></strong></span> <span class='ocrx_word' id='word_1_168' title='bbox 626 2203 822 2288; x_wconf 72' lang='lat' dir='ltr'><strong><em>festivitatem</em></strong></span> <span class='ocrx_word' id='word_1_169' title='bbox 838 2202 965 2265; x_wconf 82' lang='lat' dir='ltr'><strong><em>solemni</em></strong></span> <span class='ocrx_word' id='word_1_170' title='bbox 988 2204 1054 2264; x_wconf 82' lang='lat' dir='ltr'><strong><em>ritu</em></strong></span> <span class='ocrx_word' id='word_1_171' title='bbox 1077 2200 1250 2266; x_wconf 76' lang='lat' dir='ltr'><strong><em>colentium</em></strong></span> <span class='ocrx_word' id='word_1_172' title='bbox 1271 2213 1299 2267; x_wconf 85' lang='lat' dir='ltr'><strong><em>et</em></strong></span> <span class='ocrx_word' id='word_1_173' title='bbox 1316 2199 1363 2266; x_wconf 81' lang='lat' dir='ltr'><strong><em>etlt</em></strong></span> <span class='ocrx_word' id='word_1_174' title='bbox 1387 2268 1390 2273; x_wconf 83' lang='grc'><strong>,</strong></span> 
     </span>
     <span class='ocr_line' id='line_1_28' title="bbox 298 2301 1397 2394; baseline 0.005 -30"><span class='ocrx_word' id='word_1_175' title='bbox 298 2301 462 2368; x_wconf 73' lang='lat' dir='ltr'><strong><em>leontiano</em></strong></span> <span class='ocrx_word' id='word_1_176' title='bbox 485 2303 545 2394; x_wconf 78' lang='lat'><strong><em>(2).</em></strong></span> <span class='ocrx_word' id='word_1_177' title='bbox 1391 2320 1397 2369; x_wconf 81' lang='lat' dir='ltr'><strong><em>t</em></strong></span> 
     </span>
     <span class='ocr_line' id='line_1_29' title="bbox 391 2405 1397 2498; baseline 0 -26"><span class='ocrx_word' id='word_1_178' title='bbox 391 2410 440 2473; x_wconf 82' lang='lat' dir='ltr'><strong><em>En</em></strong></span> <span class='ocrx_word' id='word_1_179' title='bbox 457 2410 508 2474; x_wconf 92' lang='lat' dir='ltr'><strong><em>his</em></strong></span> <span class='ocrx_word' id='word_1_180' title='bbox 527 2411 748 2498; x_wconf 80' lang='lat' dir='ltr'><strong><em>perspicuant</em></strong></span> <span class='ocrx_word' id='word_1_181' title='bbox 765 2409 831 2474; x_wconf 87' lang='lat' dir='ltr'><strong><em>nll&#39;a</em></strong></span> <span class='ocrx_word' id='word_1_182' title='bbox 851 2407 973 2495; x_wconf 88' lang='lat' dir='ltr'><strong><em>absque</em></strong></span> <span class='ocrx_word' id='word_1_183' title='bbox 994 2405 1128 2494; x_wconf 80' lang='lat' dir='ltr'><strong><em>ambage</em></strong></span> <span class='ocrx_word' id='word_1_184' title='bbox 1147 2408 1305 2474; x_wconf 84' lang='lat' dir='ltr'><strong><em>novimus</em></strong></span> <span class='ocrx_word' id='word_1_185' title='bbox 1318 2415 1359 2472; x_wconf 62' lang='grc' dir='ltr'><strong><em>Μ</em></strong></span> <span class='ocrx_word' id='word_1_186' title='bbox 1395 2410 1397 2452; x_wconf 70' lang='lat'>³</span> 
     </span>
     <span class='ocr_line' id='line_1_30' title="bbox 299 2512 1365 2601; baseline -0.001 -24"><span class='ocrx_word' id='word_1_187' title='bbox 299 2512 464 2579; x_wconf 87' lang='lat' dir='ltr'><strong><em>obiectum</em></strong></span> <span class='ocrx_word' id='word_1_188' title='bbox 480 2517 590 2582; x_wconf 89' lang='lat' dir='ltr'><strong><em>cultus</em></strong></span> <span class='ocrx_word' id='word_1_189' title='bbox 602 2540 639 2582; x_wconf 87' lang='lat' dir='ltr'><strong><em>ac</em></strong></span> <span class='ocrx_word' id='word_1_190' title='bbox 656 2515 730 2581; x_wconf 81' lang='lat' dir='ltr'><strong><em>festi</em></strong></span> <span class='ocrx_word' id='word_1_191' title='bbox 744 2515 971 2601; x_wconf 86' lang='lat' dir='ltr'><strong><em>Conceptionis</em></strong></span> <span class='ocrx_word' id='word_1_192' title='bbox 984 2514 1021 2578; x_wconf 85' lang='lat' dir='ltr'><strong><em>B.</em></strong></span> <span class='ocrx_word' id='word_1_193' title='bbox 1034 2513 1182 2598; x_wconf 84' lang='lat' dir='ltr'><strong>Virginis</strong></span> <span class='ocrx_word' id='word_1_194' title='bbox 1200 2536 1286 2593; x_wconf 79' lang='lat' dir='ltr'><strong><em>esse,</em></strong></span> <span class='ocrx_word' id='word_1_195' title='bbox 1300 2512 1365 2600; x_wconf 86' lang='lat' dir='ltr'><strong><em>quin</em></strong></span> 
     </span>
     <span class='ocr_line' id='line_1_31' title="bbox 301 2615 1367 2708; baseline -0.005 -25"><span class='ocrx_word' id='word_1_196' title='bbox 301 2620 366 2684; x_wconf 90' lang='lat' dir='ltr'><strong><em>imo</em></strong></span> <span class='ocrx_word' id='word_1_197' title='bbox 388 2630 421 2684; x_wconf 88' lang='lat' dir='ltr'><strong><em>et</em></strong></span> <span class='ocrx_word' id='word_1_198' title='bbox 444 2621 546 2686; x_wconf 87' lang='lat' dir='ltr'><strong><em>fuisse</em></strong></span> <span class='ocrx_word' id='word_1_199' title='bbox 571 2642 698 2708; x_wconf 88' lang='lat' dir='ltr'><strong><em>semper</em></strong></span> <span class='ocrx_word' id='word_1_200' title='bbox 727 2622 868 2708; x_wconf 89' lang='lat' dir='ltr'><strong><em>primurn</em></strong></span> <span class='ocrx_word' id='word_1_201' title='bbox 895 2619 977 2683; x_wconf 89' lang='lat' dir='ltr'><strong><em>illud</em></strong></span> <span class='ocrx_word' id='word_1_202' title='bbox 1004 2615 1299 2706; x_wconf 79' lang='lat' dir='ltr'><strong><em>momentum&#39;quo</em></strong></span> <span class='ocrx_word' id='word_1_203' title='bbox 1318 2617 1367 2683; x_wconf 84' lang='lat' dir='ltr'><strong><em>eins</em></strong></span> 
     </span>
     <span class='ocr_line' id='line_1_32' title="bbox 301 2715 1397 2809; baseline -0.005 -23"><span class='ocrx_word' id='word_1_204' title='bbox 301 2723 405 2787; x_wconf 87' lang='lat' dir='ltr'><strong><em>anima</em></strong></span> <span class='ocrx_word' id='word_1_205' title='bbox 431 2732 539 2789; x_wconf 87' lang='lat' dir='ltr'><strong><em>creata</em></strong></span> <span class='ocrx_word' id='word_1_206' title='bbox 564 2732 661 2809; x_wconf 89' lang='lat' dir='ltr'><strong><em>atque</em></strong></span> <span class='ocrx_word' id='word_1_207' title='bbox 686 2726 718 2787; x_wconf 93' lang='lat' dir='ltr'><strong><em>in</em></strong></span> <span class='ocrx_word' id='word_1_208' title='bbox 743 2722 864 2787; x_wconf 85' lang='lat' dir='ltr'><strong><em>loetum</em></strong></span> <span class='ocrx_word' id='word_1_209' title='bbox 888 2720 997 2786; x_wconf 85' lang='lat' dir='ltr'><strong><em>inlusa</em></strong></span> <span class='ocrx_word' id='word_1_210' title='bbox 1022 2729 1087 2797; x_wconf 91' lang='lat' dir='ltr'><strong><em>est,</em></strong></span> <span class='ocrx_word' id='word_1_211' title='bbox 1111 2727 1142 2784; x_wconf 87' lang='lat' dir='ltr'><strong><em>et</em></strong></span> <span class='ocrx_word' id='word_1_212' title='bbox 1165 2720 1287 2807; x_wconf 91' lang='lat' dir='ltr'><strong><em>inquo</em></strong></span> <span class='ocrx_word' id='word_1_213' title='bbox 1310 2715 1366 2783; x_wconf 80' lang='lat' dir='ltr'><strong><em>diii·</em></strong></span> <span class='ocrx_word' id='word_1_214' title='bbox 1395 2762 1397 2791; x_wconf 75' lang='grc'>,</span> 
     </span>
     <span class='ocr_line' id='line_1_33' title="bbox 300 2812 1397 2917; baseline -0.011 -23"><span class='ocrx_word' id='word_1_215' title='bbox 300 2851 340 2894; x_wconf 91' lang='lat' dir='ltr'><strong><em>na</em></strong></span> <span class='ocrx_word' id='word_1_216' title='bbox 364 2830 469 2915; x_wconf 83' lang='lat' dir='ltr'><strong><em>gratia</em></strong></span> <span class='ocrx_word' id='word_1_217' title='bbox 500 2836 671 2917; x_wconf 85' lang='lat' dir='ltr'><strong><em>praeventa</em></strong></span> <span class='ocrx_word' id='word_1_218' title='bbox 698 2828 855 2913; x_wconf 80' lang='lat' dir='ltr'><strong>singulari</strong></span> <span class='ocrx_word' id='word_1_219' title='bbox 881 2824 1052 2913; x_wconf 80' lang='lat' dir='ltr'><strong><em>privilegio</em></strong></span> <span class='ocrx_word' id='word_1_220' title='bbox 1076 2824 1233 2888; x_wconf 90' lang='lat' dir='ltr'><strong><em>immunis</em></strong></span> <span class='ocrx_word' id='word_1_221' title='bbox 1264 2827 1367 2888; x_wconf 79' lang='lat' dir='ltr'><strong><em>servits</em></strong></span> <span class='ocrx_word' id='word_1_222' title='bbox 1394 2812 1397 2895; x_wconf 74' lang='grc' dir='ltr'>ἰ</span> 
     </span>
     <span class='ocr_line' id='line_1_34' title="bbox 299 2910 1397 3035; baseline -0.01 -38"><span class='ocrx_word' id='word_1_223' title='bbox 299 2941 350 2997; x_wconf 91' lang='lat' dir='ltr'><strong><em>est</em></strong></span> <span class='ocrx_word' id='word_1_224' title='bbox 371 2934 412 2998; x_wconf 87' lang='lat' dir='ltr'><strong><em>ab</em></strong></span> <span class='ocrx_word' id='word_1_225' title='bbox 436 2934 588 3022; x_wconf 81' lang='lat' dir='ltr'><strong><em>originali</em></strong></span> <span class='ocrx_word' id='word_1_226' title='bbox 605 2944 736 3021; x_wconf 82' lang='lat' dir='ltr'><strong><em>peccato</em></strong></span> <span class='ocrx_word' id='word_1_227' title='bbox 762 2955 819 3020; x_wconf 91' lang='lat' dir='ltr'><strong><em>per</em></strong></span> <span class='ocrx_word' id='word_1_228' title='bbox 843 2933 918 2995; x_wconf 88' lang='lat' dir='ltr'><strong><em>lesu</em></strong></span> <span class='ocrx_word' id='word_1_229' title='bbox 936 2929 1057 2996; x_wconf 83' lang='lat' dir='ltr'><strong><em>Christi</em></strong></span> <span class='ocrx_word' id='word_1_230' title='bbox 1074 2926 1303 3015; x_wconf 87' lang='lat' dir='ltr'><strong><em>Redemptoris</em></strong></span> <span class='ocrx_word' id='word_1_231' title='bbox 1323 2943 1368 2989; x_wconf 79' lang='lat' dir='ltr'><strong><em>me</em></strong></span> <span class='ocrx_word' id='word_1_232' title='bbox 1391 2910 1397 3035; x_wconf 59' lang='lat' dir='ltr'><strong><em>⁴l</em></strong></span> 
     </span>
     <span class='ocr_line' id='line_1_35' title="bbox 298 3028 1365 3124; baseline -0.009 -20"><span class='ocrx_word' id='word_1_233' title='bbox 298 3041 380 3123; x_wconf 79' lang='lat' dir='ltr'><strong><em>rita3</em></strong></span> <span class='ocrx_word' id='word_1_234' title='bbox 398 3048 467 3105; x_wconf 89' lang='lat' dir='ltr'><strong><em>tum</em></strong></span> <span class='ocrx_word' id='word_1_235' title='bbox 485 3063 547 3106; x_wconf 92' lang='lat' dir='ltr'><strong><em>non</em></strong></span> <span class='ocrx_word' id='word_1_236' title='bbox 566 3040 662 3104; x_wconf 88' lang='lat' dir='ltr'><strong><em>aliam</em></strong></span> <span class='ocrx_word' id='word_1_237' title='bbox 680 3039 747 3103; x_wconf 92' lang='lat' dir='ltr'><strong><em>ullo</em></strong></span> <span class='ocrx_word' id='word_1_238' title='bbox 770 3057 910 3124; x_wconf 88' lang='lat' dir='ltr'><strong><em>unquam</em></strong></span> <span class='ocrx_word' id='word_1_239' title='bbox 930 3044 1072 3121; x_wconf 89' lang='lat' dir='ltr'><strong><em>tempore</em></strong></span> <span class='ocrx_word' id='word_1_240' title='bbox 1093 3031 1198 3097; x_wconf 88' lang='lat' dir='ltr'><strong><em>fuisse</em></strong></span> <span class='ocrx_word' id='word_1_241' title='bbox 1217 3038 1249 3097; x_wconf 92' lang='lat' dir='ltr'><strong><em>et</em></strong></span> <span class='ocrx_word' id='word_1_242' title='bbox 1267 3028 1365 3096; x_wconf 86' lang='lat' dir='ltr'><strong><em>adhue·</em></strong></span> 
     </span>
     <span class='ocr_line' id='line_1_36' title="bbox 300 3132 1367 3213; baseline -0.013 -2"><span class='ocrx_word' id='word_1_243' title='bbox 300 3146 377 3212; x_wconf 88' lang='lat' dir='ltr'><strong><em>dum</em></strong></span> <span class='ocrx_word' id='word_1_244' title='bbox 393 3168 463 3213; x_wconf 88' lang='lat' dir='ltr'><strong><em>esse</em></strong></span> <span class='ocrx_word' id='word_1_245' title='bbox 479 3157 607 3212; x_wconf 82' lang='lat' dir='ltr'><strong><em>sanctae</em></strong></span> <span class='ocrx_word' id='word_1_246' title='bbox 624 3166 774 3211; x_wconf 88' lang='lat' dir='ltr'><strong><em>romanae</em></strong></span> <span class='ocrx_word' id='word_1_247' title='bbox 794 3143 957 3208; x_wconf 80' lang='lat' dir='ltr'><strong><em>Ecclesiae</em></strong></span> <span class='ocrx_word' id='word_1_248' title='bbox 980 3149 1118 3206; x_wconf 88' lang='lat' dir='ltr'><strong><em>montem</em></strong></span> <span class='ocrx_word' id='word_1_249' title='bbox 1134 3139 1168 3202; x_wconf 93' lang='lat' dir='ltr'><strong><em>in</em></strong></span> <span class='ocrx_word' id='word_1_250' title='bbox 1185 3138 1289 3203; x_wconf 90' lang='lat' dir='ltr'><strong><em>huius</em></strong></span> <span class='ocrx_word' id='word_1_251' title='bbox 1309 3132 1367 3200; x_wconf 83' lang='lat' dir='ltr'><strong><em>festi</em></strong></span> 
     </span>
     <span class='ocr_line' id='line_1_37' title="bbox 298 3241 1397 3334; baseline -0.012 -16"><span class='ocrx_word' id='word_1_252' title='bbox 298 3255 504 3319; x_wconf 90' lang='lat' dir='ltr'><strong><em>institutione</em></strong></span> <span class='ocrx_word' id='word_1_253' title='bbox 520 3263 551 3317; x_wconf 93' lang='lat' dir='ltr'><strong><em>et</em></strong></span> <span class='ocrx_word' id='word_1_254' title='bbox 568 3252 796 3332; x_wconf 76' lang='lat' dir='ltr'><strong><em>celebratione:</em></strong></span> <span class='ocrx_word' id='word_1_255' title='bbox 812 3259 879 3313; x_wconf 87' lang='lat' dir='ltr'><strong><em>turn</em></strong></span> <span class='ocrx_word' id='word_1_256' title='bbox 896 3248 1036 3334; x_wconf 89' lang='lat' dir='ltr'><strong><em>denique</em></strong></span> <span class='ocrx_word' id='word_1_257' title='bbox 1050 3265 1199 3310; x_wconf 87' lang='lat' dir='ltr'><strong><em>romanos</em></strong></span> <span class='ocrx_word' id='word_1_258' title='bbox 1216 3241 1367 3309; x_wconf 83' lang='lat' dir='ltr'><strong><em>Pontifices</em></strong></span> <span class='ocrx_word' id='word_1_259' title='bbox 1394 3246 1397 3291; x_wconf 78' lang='lat' dir='ltr'><strong><em>t</em></strong></span> 
     </span>
     <span class='ocr_line' id='line_1_38' title="bbox 298 3346 1366 3446; baseline -0.013 -22"><span class='ocrx_word' id='word_1_260' title='bbox 298 3360 371 3424; x_wconf 91' lang='lat' dir='ltr'><strong><em>eius</em></strong></span> <span class='ocrx_word' id='word_1_261' title='bbox 394 3380 635 3446; x_wconf 81' lang='lat' dir='ltr'><strong><em>praecessores,</em></strong></span> <span class='ocrx_word' id='word_1_262' title='bbox 659 3357 835 3443; x_wconf 88' lang='lat' dir='ltr'><strong><em>praecipue</em></strong></span> <span class='ocrx_word' id='word_1_263' title='bbox 859 3375 935 3419; x_wconf 89' lang='lat' dir='ltr'><strong><em>vero</em></strong></span> <span class='ocrx_word' id='word_1_264' title='bbox 952 3354 1080 3418; x_wconf 81' lang='lat' dir='ltr'><strong><em>Sixtum</em></strong></span> <span class='ocrx_word' id='word_1_265' title='bbox 1099 3351 1161 3427; x_wconf 78' lang='lat' dir='ltr'><strong><em>IV,</em></strong></span> <span class='ocrx_word' id='word_1_266' title='bbox 1181 3348 1319 3414; x_wconf 88' lang='lat' dir='ltr'><strong><em>Paulum</em></strong></span> <span class='ocrx_word' id='word_1_267' title='bbox 1332 3346 1366 3420; x_wconf 84' lang='lat' dir='ltr'><strong><em>ll,</em></strong></span> 
     </span>
     <span class='ocr_line' id='line_1_39' title="bbox 298 3449 1368 3548; baseline -0.014 -22"><span class='ocrx_word' id='word_1_268' title='bbox 298 3461 494 3548; x_wconf 81' lang='lat' dir='ltr'><strong><em>Gregorium</em></strong></span> <span class='ocrx_word' id='word_1_269' title='bbox 518 3462 601 3537; x_wconf 77' lang='lat' dir='ltr'><strong><em>XV,</em></strong></span> <span class='ocrx_word' id='word_1_270' title='bbox 627 3481 690 3523; x_wconf 92' lang='lat' dir='ltr'><strong><em>non</em></strong></span> <span class='ocrx_word' id='word_1_271' title='bbox 714 3458 802 3522; x_wconf 84' lang='lat' dir='ltr'><strong><em>eliud</em></strong></span> <span class='ocrx_word' id='word_1_272' title='bbox 833 3456 894 3520; x_wconf 89' lang='lat' dir='ltr'><strong><em>sibi</em></strong></span> <span class='ocrx_word' id='word_1_273' title='bbox 925 3455 1089 3520; x_wconf 90' lang='lat' dir='ltr'><strong><em>obiectum</em></strong></span> <span class='ocrx_word' id='word_1_274' title='bbox 1116 3453 1326 3538; x_wconf 90' lang='lat' dir='ltr'><strong><em>proposuisse</em></strong></span> <span class='ocrx_word' id='word_1_275' title='bbox 1344 3449 1368 3511; x_wconf 91' lang='lat' dir='ltr'><strong><em>in</em></strong></span> 
     </span>
    </p>
   </div>
   <div class='ocr_carea' id='block_1_5' title="bbox 301 3557 1368 3749">
    <p class='ocr_par' dir='ltr' id='par_1_7' title="bbox 301 3557 1368 3749">
     <span class='ocr_line' id='line_1_40' title="bbox 301 3557 989 3652; baseline -0.01 -24"><span class='ocrx_word' id='word_1_276' title='bbox 301 3565 394 3631; x_wconf 86' lang='lat' dir='ltr'><strong><em>cultu</em></strong></span> <span class='ocrx_word' id='word_1_277' title='bbox 417 3564 477 3630; x_wconf 88' lang='lat' dir='ltr'><strong><em>hoo</em></strong></span> <span class='ocrx_word' id='word_1_278' title='bbox 499 3563 665 3652; x_wconf 84' lang='lat' dir='ltr'><strong><em>probando</em></strong></span> <span class='ocrx_word' id='word_1_279' title='bbox 690 3557 989 3646; x_wconf 85' lang='lat' dir='ltr'><strong><em>amplificandoque.</em></strong></span> 
     </span>
     <span class='ocr_line' id='line_1_41' title="bbox 388 3659 1368 3749; baseline -0.016 -14"><span class='ocrx_word' id='word_1_280' title='bbox 388 3672 480 3749; x_wconf 85' lang='lat' dir='ltr'><strong><em>Quae</em></strong></span> <span class='ocrx_word' id='word_1_281' title='bbox 498 3691 573 3734; x_wconf 89' lang='lat' dir='ltr'><strong><em>oum</em></strong></span> <span class='ocrx_word' id='word_1_282' title='bbox 590 3669 634 3732; x_wconf 82' lang='lat' dir='ltr'><strong><em>ita</em></strong></span> <span class='ocrx_word' id='word_1_283' title='bbox 653 3689 686 3731; x_wconf 86' lang='lat' dir='ltr'><strong><em>se</em></strong></span> <span class='ocrx_word' id='word_1_284' title='bbox 703 3665 851 3742; x_wconf 82' lang='lat' dir='ltr'><strong><em>habeant,</em></strong></span> <span class='ocrx_word' id='word_1_285' title='bbox 869 3661 979 3728; x_wconf 91' lang='lat' dir='ltr'><strong><em>nullus</em></strong></span> <span class='ocrx_word' id='word_1_286' title='bbox 996 3659 1167 3726; x_wconf 88' lang='lat' dir='ltr'><strong><em>dubitandi</em></strong></span> <span class='ocrx_word' id='word_1_287' title='bbox 1184 3659 1368 3746; x_wconf 88' lang='lat' dir='ltr'><strong><em>relinquitur</em></strong></span> 
     </span>
    </p>
   </div>
   <div class='ocr_carea' id='block_1_6' title="bbox 298 3761 1369 3966">
    <p class='ocr_par' dir='ltr' id='par_1_8' title="bbox 298 3761 1369 3966">
     <span class='ocr_line' id='line_1_42' title="bbox 298 3761 1366 3853; baseline -0.012 -13"><span class='ocrx_word' id='word_1_288' title='bbox 298 3776 391 3842; x_wconf 88' lang='lat' dir='ltr'><strong><em>loeus</em></strong></span> <span class='ocrx_word' id='word_1_289' title='bbox 403 3776 488 3839; x_wconf 86' lang='lat' dir='ltr'><strong><em>circa</em></strong></span> <span class='ocrx_word' id='word_1_290' title='bbox 506 3795 617 3838; x_wconf 86' lang='lat' dir='ltr'><strong><em>verum</em></strong></span> <span class='ocrx_word' id='word_1_291' title='bbox 634 3771 820 3835; x_wconf 79' lang='lat' dir='ltr'><strong><em>festivitatis</em></strong></span> <span class='ocrx_word' id='word_1_292' title='bbox 836 3768 1012 3845; x_wconf 85' lang='lat' dir='ltr'><strong><em>obiectum,</em></strong></span> <span class='ocrx_word' id='word_1_293' title='bbox 1027 3764 1113 3853; x_wconf 88' lang='lat' dir='ltr'><strong><em>quod</em></strong></span> <span class='ocrx_word' id='word_1_294' title='bbox 1127 3764 1190 3828; x_wconf 88' lang='lat' dir='ltr'><strong><em>sibi</em></strong></span> <span class='ocrx_word' id='word_1_295' title='bbox 1205 3765 1240 3828; x_wconf 92' lang='lat' dir='ltr'><strong><em>in</em></strong></span> <span class='ocrx_word' id='word_1_296' title='bbox 1253 3761 1366 3829; x_wconf 70' lang='lat' dir='ltr'><strong><em>micola</em></strong></span> 
     </span>
     <span class='ocr_line' id='line_1_43' title="bbox 300 3868 1369 3966; baseline -0.014 -21"><span class='ocrx_word' id='word_1_297' title='bbox 300 3880 445 3966; x_wconf 83' lang='lat' dir='ltr'><strong><em>Virginis</em></strong></span> <span class='ocrx_word' id='word_1_298' title='bbox 470 3877 686 3964; x_wconf 87' lang='lat' dir='ltr'><strong><em>Conceptione</em></strong></span> <span class='ocrx_word' id='word_1_299' title='bbox 703 3874 874 3961; x_wconf 89' lang='lat' dir='ltr'><strong><em>proposuit</em></strong></span> <span class='ocrx_word' id='word_1_300' title='bbox 890 3893 927 3935; x_wconf 90' lang='lat' dir='ltr'><strong><em>ao</em></strong></span> <span class='ocrx_word' id='word_1_301' title='bbox 945 3870 1096 3958; x_wconf 91' lang='lat' dir='ltr'><strong><em>proponit</em></strong></span> <span class='ocrx_word' id='word_1_302' title='bbox 1118 3868 1282 3934; x_wconf 81' lang='lat' dir='ltr'><strong><em>Ecclesia.</em></strong></span> <span class='ocrx_word' id='word_1_303' title='bbox 1300 3872 1369 3949; x_wconf 84' lang='lat' dir='ltr'><strong><em>Quo</em></strong></span> 
     </span>
    </p>
   </div>
   <div class='ocr_carea' id='block_1_7' title="bbox 298 4113 1079 4282">
    <p class='ocr_par' dir='ltr' id='par_1_9' title="bbox 298 4113 1079 4282">
     <span class='ocr_line' id='line_1_44' title="bbox 340 4113 1079 4198; baseline -0.016 -16"><span class='ocrx_word' id='word_1_304' title='bbox 340 4130 373 4198; x_wconf 78' lang='lat' dir='ltr'><strong><em>(l)</em></strong></span> <span class='ocrx_word' id='word_1_305' title='bbox 383 4134 454 4182; x_wconf 80' lang='lat' dir='ltr'><strong><em>Exiet</em></strong></span> <span class='ocrx_word' id='word_1_306' title='bbox 470 4130 495 4178; x_wconf 90' lang='lat' dir='ltr'><strong><em>in</em></strong></span> <span class='ocrx_word' id='word_1_307' title='bbox 514 4129 609 4178; x_wconf 80' lang='lat' dir='ltr'><strong><em>Butler.</em></strong></span> <span class='ocrx_word' id='word_1_308' title='bbox 619 4130 693 4180; x_wconf 83' lang='lat' dir='ltr'><strong><em>Rom.</em></strong></span> <span class='ocrx_word' id='word_1_309' title='bbox 702 4131 764 4178; x_wconf 84' lang='lat' dir='ltr'><strong><em>torn·</em></strong></span> <span class='ocrx_word' id='word_1_310' title='bbox 777 4125 813 4177; x_wconf 83' lang='lat' dir='ltr'><strong><em>Vl</em></strong></span> <span class='ocrx_word' id='word_1_311' title='bbox 869 4128 872 4133; x_wconf 84' lang='lat'>&#39;</span> <span class='ocrx_word' id='word_1_312' title='bbox 900 4113 937 4191; x_wconf 76' lang='lat'><strong><em>(2)</em></strong></span> <span class='ocrx_word' id='word_1_313' title='bbox 949 4121 1013 4172; x_wconf 88' lang='lat' dir='ltr'><strong><em>lbid.</em></strong></span> <span class='ocrx_word' id='word_1_314' title='bbox 1022 4115 1048 4188; x_wconf 72' lang='lat' dir='ltr'>S</span> <span class='ocrx_word' id='word_1_315' title='bbox 1058 4121 1079 4170; x_wconf 88' lang='lat' dir='ltr'><strong><em>l.</em></strong></span> 
     </span>
     <span class='ocr_line' id='line_1_45' title="bbox 298 4208 592 4282; baseline -0.017 -14"><span class='ocrx_word' id='word_1_316' title='bbox 298 4232 351 4281; x_wconf 81' lang='lat' dir='ltr'><strong><em>per.</em></strong></span> <span class='ocrx_word' id='word_1_317' title='bbox 363 4220 385 4270; x_wconf 79' lang='lat' dir='ltr'>V</span> <span class='ocrx_word' id='word_1_318' title='bbox 397 4233 453 4282; x_wconf 68' lang='lat' dir='ltr'><strong><em>por.</em></strong></span> <span class='ocrx_word' id='word_1_319' title='bbox 467 4208 518 4265; x_wconf 83' lang='lat' dir='ltr'><strong><em>l82</em></strong></span> <span class='ocrx_word' id='word_1_320' title='bbox 529 4210 554 4280; x_wconf 62' lang='lat'><strong><em>§-</em></strong></span> <span class='ocrx_word' id='word_1_321' title='bbox 566 4211 592 4264; x_wconf 86' lang='grc'><strong><em>4.</em></strong></span> 
     </span>
    </p>
   </div>
   <div class='ocr_carea' id='block_1_8' title="bbox 0 0 1418 4904">
    <p class='ocr_par' dir='ltr' id='par_1_10' title="bbox 0 0 1418 4904">
     <span class='ocr_line' id='line_1_46' title="bbox 0 0 1418 4904; baseline 0 0"><span class='ocrx_word' id='word_1_322' title='bbox 0 0 1418 4904; x_wconf 95' lang='lat' dir='ltr'><strong><em> </em></strong></span> 
     </span>
    </p>
   </div>
  </div>
 </body>
</html>
