2820 4890
515 363 559 377 -
575 321 642 390 209
656 358 701 373 ·-

90 445 234 511 affirmatio
256 464 338 510 nova
361 441 456 531 plane
479 452 608 510 nonest
632 441 685 532 (l).
704 440 792 522 Quid
817 449 924 510 autem
949 441 1048 511 indei'
1070 446 1151 514 Cou-

87 549 245 614 cedendum
266 569 307 614 ne
333 557 505 634 propterea
527 549 605 625 erit,
624 549 799 633 scriptores
823 550 918 614 hosce
940 571 1016 615 vere
1039 548 1152 616 existi-

81 674 165 717 nssse
189 658 247 717 aut
271 651 438 718 Christum
464 651 622 738 originale
646 652 846 715 contraxisse
874 659 1065 738 peccatum,
1094 661 1154 718 aut

77 777 193 821 carnem
215 755 290 821 eius
313 753 511 820 immundam
531 754 706 841 aliquando
723 750 898 820 extitisse?
922 757 1024 821 Nemo
1046 754 1151 842 prole-

72 872 113 928 cto
135 884 241 926 sanes
262 860 296 926 id
319 861 451 927 dixerit.
477 862 587 939 Quare
618 882 676 946 per
699 861 756 925 has
784 861 890 948 iisque
918 861 1040 926 similes
1064 862 1153 927 locu·

70 967 165 1031 tiones
198 986 257 1029 nec
281 964 321 1029 dc
346 967 382 1029 B.
413 965 548 1049 Virgine
582 964 779 1028 atterutrum
803 963 985 1049 significare
1025 964 1154 1029 dicendi

66 1081 136 1137 sunt
157 1069 262 1159 pauci
285 1067 334 1132 illi
351 1069 464 1133 Patres
489 1068 729 1154 scriptoresque
747 1069 890 1152 antiqui,
908 1068 1037 1153 quiens
1057 1089 1156 1132 usur·

63 1181 203 1263 porum,
229 1193 336 1259 neque
358 1170 554 1237 aPatribus
577 1171 715 1259 reliquis
739 1171 912 1237 dissentire
936 1172 969 1236 in
993 1171 1155 1258 singulari

62 1278 116 1344 loc
132 1281 175 1343 B.
195 1276 345 1362 Virginis
359 1276 531 1363 privilegio
551 1273 761 1361 agnoscendo.
789 1274 1001 1341 Dillicultates
1025 1297 1110 1362 quac
1135 1296 1156 1340 e

63 1381 199 1449 serioris
222 1380 295 1445 aevi
326 1378 412 1444 binis
437 1379 578 1446 ternisve
601 1378 765 1464 liturgicis
794 1380 1009 1444 monumentis
1037 1378 1157 1466 opponi

65 1492 225 1575 poteram,
245 1483 324 1547 satis
336 1481 414 1547 alibi
431 1482 554 1546 dilutae
571 1504 590 1547 a
607 1480 700 1548 nobis
718 1490 804 1547 sunt:
822 1482 949 1569 reliqua
974 1504 1071 1568 porro
1092 1491 1157 1548 tra·

74 1584 199 1657 ditionis
223 1584 491 1651 internoscendac
512 1586 729 1651 instrumenta
751 1585 956 1650 immaculato
977 1585 1158 1673 Conceptui

71 1693 216 1759 Mariano
243 1689 464 1775 suffragantur
487 1710 586 1776 quam
609 1711 693 1776 quae
715 1689 864 1754 maxime.
888 1689 1037 1776 Nepetioc
1057 1690 1161 1775 igitur
1248 1686 1253 1697 ’

68 1797 168 1865 uires
196 1800 387 1882 spectetur,
411 1793 492 1858 nihil
515 1793 604 1880 quod
626 1817 702 1860 vere
733 1794 873 1859 solidum
894 1795 956 1873 sit,
987 1792 1080 1859 nobis
1107 1813 1160 1859 oc·

64 1903 192 1980 currit,
218 1901 254 1965 in
276 1920 343 1986 quo
365 1898 499 1964 haerere
520 1899 647 1963 animus
671 1898 796 1965 debeat.

151 2010 229 2092 Age
266 2024 351 2068 nunc
380 2008 513 2090 positive
544 2024 614 2067 rem
643 2004 885 2090 expendamus,
913 2003 947 2068 in
971 2024 1037 2091 quo
1061 2003 1163 2069 totius

62 2107 273 2199 quaestionis
296 2127 421 2171 summa
443 2114 476 2170 et
498 2104 597 2171 cardo
624 2107 795 2186 consistit,
819 2114 918 2194 atquc
935 2128 961 2172 a·
977 2105 1076 2173 verbo
1099 2107 1163 2172 Dei

63 2216 191 2303 scripto
207 2212 471 2297 exauspicemus.
485 2212 593 2278 Unum
609 2211 740 2298 quidem
753 2211 846 2276 nobis
860 2211 1017 2276 biblicum
1032 2220 1164 2299 praesto

65 2327 113 2387 cst
133 2316 379 2394 testimonium,
402 2314 486 2380 illud
507 2337 621 2402 nempe
641 2315 730 2402 quod
751 2312 1013 2414 npurngptlrsu
1036 2317 1165 2382 nomine

69 2424 170 2491 uenit:
187 2428 223 2487 ot
236 2417 397 2484 eiusmodi
410 2427 470 2496 est,
486 2426 525 2484 ul
540 2420 619 2486 dum
634 2441 672 2485 ea
692 2440 777 2506 quae
801 2420 957 2486 adversus
980 2421 1167 2486 immunita·

78 2528 184 2593 tnB.
196 2521 347 2606 Virginis
364 2542 383 2586 a
402 2521 593 2608 primigenia
605 2522 677 2588 labe
698 2523 881 2597 afferuntur
893 2545 911 2588 e
925 2522 1104 2610 Scripturis
1122 2529 1169 2588 te-

83 2629 225 2697 maenia
241 2625 320 2691 elidi
338 2625 513 2713 multiplici
529 2627 654 2693 ratione
671 2635 826 2715 possunt,
844 2627 903 2692 hoc
919 2648 997 2693 vero
1016 2648 1079 2691 non
1094 2647 1168 2715 pos·

80 2729 321 2801 sitludubium
333 2751 430 2816 porro
448 2736 497 2794 est
508 2730 580 2795 heic
600 2752 658 2816 per
667 2733 828 2817 moliorem
844 2732 913 2796 κη’
934 2723 1054 2821 ἐξοχήν
1070 2731 1168 2796 cuius

79 2841 194 2905 mentio
217 2856 296 2903 eum
318 2834 503 2901 liberatoris
525 2836 740 2923 promissione
763 2837 993 2922 coniungitur,
1019 2856 1169 2924 quaeque

82 2943 169 3009 elteri
185 2940 366 3028 opponitur
381 2939 525 3014 mulieri,
541 2961 625 3026 quse
642 2940 773 3004 humani
791 2940 918 3026 generis
935 2940 1050 3006 ruinae
1070 2960 1170 3005 causa

121 3131 155 3201 (l)
167 3135 238 3185 Sane
249 3132 371 3197 Origenes
385 3138 447 3183 torn.
458 3119 494 3182 tt
505 3133 530 3182 in
546 3134 599 3184 Lu·
652 3138 705 3185 tem
717 3134 743 3184 in
759 3131 901 3187 Commeat.
913 3136 940 3184 in
951 3135 1075 3197 Epistad
1092 3135 1167 3187 Rom.

1248 2019 1367 2076 Potitios

1255 2516 1294 2566 Ex
1315 2515 1398 2565 verbo

1230 2589 1277 2639 llei
1291 2586 1385 2650 scripto

88 3220 247 3270 sumserunt:
262 3215 337 3284 Ergo
352 3214 426 3269 lesos
439 3214 613 3284 purgatione·
653 3214 943 3286 c.8r.3:(loomcis,
960 3220 1060 3285 inquit,
1080 3216 1172 3270 eadem
1226 3216 1232 3228 ”

90 3302 209 3371 mpod.
221 3301 408 3356 et'immondes
415 3301 480 3371 fuit,
492 3300 600 3355 autali—
656 3317 718 3356 caro
737 3303 848 3372 (christi,
866 3302 915 3372 sit,
932 3318 1003 3375 quae
1021 3310 1046 3357 et
1064 3310 1171 3370 nostm3

92 3387 231 3456 quomedo
247 3386 376 3456 pollutus.
391 3386 605 3456 Temeraricsor-
657 3401 710 3441 non
722 3394 811 3443 tomen
822 3390 861 3442 itu
869 3392 944 3459 fecta
957 3392 985 3443 tn
1002 3394 1079 3445 utero
1096 3395 1173 3444 estet

92 3470 156 3525 mars
166 3471 266 3524 videor
277 3468 374 3535 dicere
390 3471 437 3524 sed
449 3467 605 3541 Scriptura·
657 3476 734 3542 nata,
743 3473 812 3527 sicut
820 3481 846 3528 et
855 3488 918 3526 caro
928 3478 1030 3527 nostra.
1040 3473 1093 3527 Est
1105 3474 1175 3528 enim

89 3566 146 3627 ,mm
169 3553 332 3607 auctoritate
355 3559 506 3607 commotus.
539 3552 607 3609 Vide
661 3567 881 3609 sermnem
904 3557 935 3609 eis
954 3560 1054 3623 utero,
1079 3562 1103 3609 et
1125 3569 1176 3608 no-

94 3634 153 3705 qet'd
172 3636 203 3689 in
220 3633 272 3690 Iob
289 3634 416 3704 scriptum
438 3641 492 3689 cst:
520 3634 606 3690 Nemo
659 3637 1041 3707 toompecraco...rxmrr
1055 3645 1092 3693 est
1106 3639 1175 3692 enim

94 3721 237 3774 undere
255 3717 343 3786 sorde,
356 3719 435 3773 neeri
452 3719 531 3775 unias
549 3720 608 3791 qui·
659 3718 797 3790 asperto
817 3718 915 3777 Sancto
933 3737 996 3775 coro
1009 3714 1128 3792 Domini,
1144 3729 1177 3779 ot
1224 3712 1250 3725 '⁵
1281 3696 1286 3705 ἱ
1324 3718 1327 3725 ’

92 3800 214 3856 maisi
217 3803 369 3871 fricticulis
382 3803 448 3870 siau
460 3818 514 3857 noo
527 3803 607 3858 etsie
661 3803 691 3857 in
713 3803 767 3858 toti
784 3819 892 3875 corpore
916 3814 1070 3861 ememtes
1096 3806 1177 3876 quate

92 3882 174 3939 lma
185 3885 447 3955 muodmcpcccatm
456 3887 511 3939 sed:
523 3885 607 3941 lt'emc
657 3888 713 3958 fuit
721 3875 798 3941 Adae
810 3894 872 3942 onte
882 3895 1018 3957 peccatum
1028 3891 1102 3959 (Opp.
1112 3891 1177 3942 Am-

93 3968 207 4023 monius
217 3981 237 4020 a
247 3967 336 4021 soron
353 3967 450 4039 Neque
467 3971 537 4023 enim
555 3969 608 4023 idi-
660 3973 737 4022 brosii
747 3973 995 4025 edicittaurtntorn.
1004 3975 1061 4025 llin
1070 3977 1178 4038 append.

90 4050 331 4121 promsipntficcut
347 4052 440 4106 sordes
457 4057 538 4123 etque
545 4068 610 4123 pec·
662 4058 712 4107 eol.
730 4051 783 4122 70).
800 4058 837 4107 De
855 4059 1058 4125 holus-auctoris
1076 4061 1180 4112 nomine

91 4144 149 4190 catd
158 4139 238 4200 gupp.
247 4139 308 4187 edit.
319 4138 354 4188 De
362 4136 385 4188 la
395 4140 451 4190 ltue
462 4134 613 4192 ParisliOO
664 4146 691 4191 et
700 4146 783 4191 aetate
791 4141 881 4192 center
890 4143 1088 4197 admonitionem
1097 4146 1181 4197 edito-

91 4224 150 4275 lom
164 4222 217 4272 tu.
229 4235 288 4287 pag.
299 4216 371 4292 947).
388 4222 576 4276 Ambrosiester·
588 4224 611 4275 l·
663 4225 939 4290 reintroduceretur
954 4228 1077 4293 Noucryi.
1094 4248 1100 4265 ·-
1156 4214 1159 4219 ’

962 4310 1005 4383 lt
