2828 4904
484 320 658 393 ...81-

116 447 236 532 Aqua
260 441 390 531 quidem
423 447 548 510 ratione
581 445 635 509 vix
659 451 691 507 et
714 440 768 508 iiia
803 442 985 530 discrepat,
1021 464 1105 530 qnae
1207 447 1244 501 Er
1273 461 1333 499 con·

35 548 161 614 ducitur
184 570 227 613 ex
251 548 423 627 connubio,
442 549 528 637 qnod
553 549 701 613 Christus
716 548 747 611 in
766 548 909 632 Virginis
922 557 1015 612 utero
1031 568 1105 612 eum
1155 517 1333 641 2³:⁰³3&

30 651 165 718 hnmana
190 661 309 717 natura
332 654 510 729 coniunxit,
538 651 614 717 dum
642 671 712 716 eam
740 650 803 715 sibi
834 653 865 715 in
893 653 1017 716 unitate
1034 672 1106 738 per·
1157 656 1226 720 atne.

31 775 121 819 senae
146 753 314 839 copulavit
328 753 421 819 iuxta
436 753 517 818 ittud
534 776 559 818 s.
579 753 736 819 Thomae:
758 750 938 836 Ccsrqruum
960 753 1020 835 suit
1036 752 1106 817 tca-

31 867 73 924 tae
101 859 234 943 Virqini
249 864 438 924 annuntiari
458 859 540 945 qued
566 868 639 921 esset
665 854 820 921 Christum
844 869 1046 943 conceptura,
1069 869 1105 922 ut

34 962 241 1028 mmdcretar
262 983 322 1027 esse
344 963 497 1048 quoddam
519 961 683 1048 spirituale
708 965 940 1026 matrimom'um
955 966 1036 1026 inter
1054 958 1108 1024 Fi·

39 1066 105 1130 istst
124 1064 191 1128 Dei
211 1076 242 1129 et
262 1065 430 1130 numnam
445 1076 610 1139 naturarum
626 1075 655 1128 et
670 1063 736 1141 idea
755 1085 815 1150 per
837 1069 1107 1130 annuntiationem

12 1210 14 1217 ›
38 1167 255 1255 mandatur
276 1190 437 1233 comentur
466 1167 610 1251 Virqinis,
632 1168 699 1231 lece
722 1171 816 1231 totius
839 1168 993 1232 humanae
1015 1180 1111 1233 natu-

34 1293 79 1335 rae
90 1268 148 1359 ti).
180 1272 325 1336 iamsero
341 1291 488 1358 spensam
504 1270 640 1334 maxime
657 1269 748 1334 decet
759 1290 886 1355 puram,
915 1271 1021 1359 quoad
1038 1270 1109 1335 fieri

12 1388 16 1449 t
32 1382 141 1460 petest,
154 1381 256 1458 atque
272 1372 507 1438 immaculatam
524 1394 604 1450 esse,
620 1373 807 1460 praesertim
830 1390 905 1439 voro
924 1375 1107 1460 ingenuam,

11 1493 176 1564 tqaaeqne
202 1475 296 1540 alteri
322 1495 486 1562 nunquam
513 1475 704 1553 adhaeserit,
724 1472 820 1562 idque
848 1498 886 1542 ee
917 1478 1108 1564 magisque

11 1598 17 1638 ι
41 1581 180 1659 metior,
201 1580 549 1666 atqneexceiientioris
573 1577 767 1643 conditionis
784 1586 832 1644 est
856 1601 1004 1665 sponsus,
1020 1579 1107 1645 Talis

12 1690 135 1750 torm
161 1683 232 1749 diei
256 1681 506 1770 haudquaquam
530 1681 690 1768 potuisset
713 1680 829 1761 Maria,
859 1684 886 1747 si
921 1683 1105 1770 aliquando,

11 1786 154 1854 innomi
183 1786 227 1852 ad
258 1787 410 1874 temperis
433 1794 601 1872 punctum,
618 1791 750 1869 peccato
779 1782 896 1850 inisset
918 1787 1036 1852 intecta
1068 1808 1106 1852 ac

11 1916 16 1951 t
36 1889 162 1958 &tanae
187 1888 292 1957 veluti
314 1888 509 1975 mancipium
525 1895 657 1973 prepter
672 1887 799 1975 cuipam
814 1887 951 1957 addicta.
965 1900 1007 1956 nt
1019 1893 1105 1957 onim

11 2010 17 2055 s
40 2001 104 2058 tam
122 1993 285 2070 Christus,
310 2000 378 2057 tum
401 1991 543 2078 Spiritus
570 1990 717 2069 Sanctus,
734 1993 791 2079 qni
814 1992 863 2058 vel
886 1995 920 2060 in
946 1995 1017 2081 ipso
1032 1996 1105 2060 eins

11 2122 16 2164 ι
43 2103 111 2162 ata
135 2105 189 2163 art
218 2096 426 2182 conceptione
456 2114 525 2159 eam
551 2092 614 2158 sibi
638 2093 886 2181 desponderunt,
911 2097 1104 2165 substantia-

10 2206 15 2269 i
40 2196 72 2265 iis
99 2206 175 2267 aunt
205 2199 381 2266 sanctitas:
416 2196 549 2263 decebat
582 2197 685 2282 igitur
713 2218 767 2262 eos
798 2199 1016 2267 intaminatam
1039 2201 1103 2265 sibi

39 2301 65 2368 i.
88 2303 260 2391 Virginem
283 2322 422 2380 servare,
445 2320 503 2365 nec
532 2300 600 2385 pati
624 2321 776 2387 umquam
799 2312 836 2367 ut
861 2303 931 2390 ipsa
957 2303 1014 2368 tali
1037 2304 1103 2370 affi-

10 2436 17 2471 ε
39 2414 156 2474 teretur
177 2404 384 2472 contumelia.

110 2513 164 2578 Ex
193 2510 302 2577 divino
328 2506 486 2574 eiusmodi
508 2507 709 2595 mysticoque
731 2507 892 2574 connubio
908 2508 1103 2591 factumest,

38 2621 64 2679 at
83 2616 121 2682 B.
144 2614 251 2700 Virga
277 2611 378 2681 veluti
400 2611 543 2676 emnium
559 2609 735 2674 viventium
751 2620 852 2677 mater
868 2613 976 2678 habita
992 2612 1104 2694 suerit,

37 2723 105 2785 teste
128 2738 156 2784 s.
181 2716 374 2804 Epiphanio,
397 2716 454 2802 qni
480 2715 526 2778 ita
549 2711 679 2777 scribit:
704 2713 791 2779 Haec
813 2729 856 2782 eat
874 2717 976 2801 (beata
1000 2718 1106 2784 Mater

37 2817 98 2908 licit
118 2843 219 2910 qaam
241 2820 439 2886 adumbrauit
460 2819 545 2892 Eua,
571 2836 650 2901 quae
676 2821 843 2884 uiuentium
858 2835 957 2887 mater
973 2822 1107 2909 quedam
1157 2828 1161 2835 '

31 2929 207 3013 miqmatis
217 2925 378 2989 inuoluere
390 2931 603 3007 nuncupatur,
620 2919 767 3004 siquidem
778 2923 849 2988 lina
862 2937 927 2990 tum
938 2931 1106 2992 uiuentium

23 3041 64 3096 ur
90 3029 259 3118 appellata
287 3039 388 3092 muter
400 3071 500 3090 .....
525 3023 647 3086 Revera
671 3031 773 3090 tamen
796 3029 947 3094 aMaria
985 3031 1106 3116 Virqiue

20 3140 87 3200 ata
123 3144 169 3198 est
206 3136 241 3196 in
262 3131 412 3195 mundum
437 3134 630 3214 introductu,
652 3145 732 3202 utet
755 3139 905 3199 uiuentem
925 3139 1050 3221 pariat,
1076 3147 1105 3200 et

15 3241 196 3304 amentum
211 3235 320 3301 diaria
335 3239 375 3300 sit
387 3247 497 3302 mater.
524 3237 678 3313 Quocirca
701 3244 869 3304 uiuentium
882 3251 982 3304 muter
997 3240 1105 3304 adum·
1184 3310 1187 3317 ,

14 3333 117 3408 &ata
151 3339 352 3404 similitudine
381 3339 497 3405 Maria
520 3343 637 3407 dicitur
660 3339 724 3429 (2);
749 3342 826 3406 adeo
851 3351 889 3405 ut
916 3341 990 3420 iiia,
1018 3363 1103 3428 quae

9 3442 204 3515 &cundum
229 3464 358 3510 carnem
390 3452 652 3533 protoparentum
685 3453 933 3532 ceterorumque
965 3447 1103 3534 patriar·
1221 3503 1224 3508 .

9 3550 159 3621 chrum
186 3547 252 3615 filia
267 3558 348 3628 erat,
374 3549 516 3614 omnium
542 3572 658 3637 pareas
687 3547 867 3616 secundnm
891 3551 1042 3638 spiritum
1057 3550 1104 3617 ei·

9 3645 105 3721 beta
136 3650 251 3718 inerit.
283 3652 393 3730 Quare
419 3673 493 3718 cum
518 3653 666 3719 Christus
688 3654 863 3742 primarius
889 3654 974 3720 vitae
1003 3653 1102 3720 huius

10 3766 139 3825 lucter
167 3776 230 3821 non
257 3764 388 3843 prepter
410 3756 537 3844 culpam
560 3759 656 3822 morti
683 3756 784 3823 inerit
806 3756 977 3835 obnoxius,
993 3777 1102 3822 conse-

16 3876 125 3949 quens
150 3865 215 3938 est,
246 3860 283 3925 B.
310 3858 498 3946 Virginem,
522 3881 611 3948 quae.
631 3882 690 3947 per
716 3861 993 3949 participationem
1015 3858 1100 3924 hunc

53 4093 89 4164 ti)
107 4090 134 4151 3·
155 4111 181 4160 p·
199 4111 225 4162 a·
243 4089 287 4149 50.
304 4109 342 4147 ar·
360 4092 385 4146 i·
413 4166 414 4170 Ἰ
585 4092 861 4151 sentententia.
880 4098 1096 4151 Petar·Tom.11.

52 4173 89 4249 (2)
109 4176 537 4234 Αααανα.Ηααααα.1ία.ΙΗ.Παα-
591 4194 648 4246 pag.
666 4176 746 4234 teau.

947 4264 968 4328 6
