2828 4904
584 303 738 371 „9-

113 425 280 512 inquiram
293 445 378 511 qnae
393 420 546 488 edicendo
566 420 745 508 dogmatico
768 417 896 485 decreto
912 417 975 481 sint
994 417 1094 502 paria.
1118 416 1197 496 Oui·

114 531 177 597 bus
192 531 388 618 explanatis,
405 528 450 593 sie
469 525 667 616 progredior.

493 728 754 803 CAPUT
803 727 834 796 1.

400 960 443 1006 DE
467 956 747 1007 CONTROVERSIAE
778 956 919 1003 onlem'u

203 1146 412 1230 Quaestionis
436 1156 523 1215 statu
550 1148 596 1213 ita
619 1146 768 1227 delinito,
791 1146 888 1234 vulgo
917 1144 1037 1212 eruditi
1061 1147 1198 1213 huiusce

111 1257 353 1324 controversiae
373 1255 531 1340 originem
546 1277 565 1319 a
583 1275 608 1321 s.
627 1251 791 1319 Bernardo
819 1251 1058 1319 claraevallensi
1081 1251 1197 1319 abbate

108 1367 305 1437 arcessunt,
330 1357 463 1446 perinde
486 1379 522 1424 ac
545 1357 575 1424 si
590 1357 659 1445 ipse
682 1356 840 1423 nonsatis
863 1365 1010 1420 constare
1033 1355 1072 1420 de
1087 1356 1198 1423 imma·

109 1466 374 1552 culatoVirginis
387 1466 551 1552 Conceptu
562 1462 709 1542 senserit,
721 1460 801 1529 adeo
816 1470 853 1528 ut
867 1484 904 1528 ea
915 1459 955 1526 de
967 1483 1065 1527 causa
1077 1459 1196 1528 lostam
1257 1488 1262 1499 ·

113 1574 147 1635 in
169 1570 316 1636 eiusdem
341 1570 500 1657 Deiparae
519 1568 671 1633 honorem
693 1565 734 1631 ad
756 1566 815 1631 hoc
836 1564 1041 1632 recolendum
1067 1565 1197 1654 privile·

113 1676 202 1762 gium
220 1673 350 1739 institui
366 1694 408 1737 ex
423 1673 496 1737 eius
510 1677 616 1736 mente
636 1670 829 1758 nequiverit.

195 1782 265 1846 lam
287 1780 375 1845 enim
397 1777 518 1843 alicubi
534 1775 693 1842 eiusmodi
710 1774 829 1842 festum
845 1773 1082 1861 celebrabatnr3
1101 1797 1197 1844 cano-
1294 1851 1302 1868 ‚

107 1885 172 1949 niei
195 1879 336 1970 proinde
358 1879 569 1967 lugdunensis
593 1879 746 1944 ecelesiae
763 1878 895 1946 voluere
917 1885 951 1944 et
967 1878 1031 1967 ipsi
1053 1900 1112 1967 pro
1136 1901 1196 1946 sua

109 1988 143 2052 in
156 1989 222 2054 bei
237 1989 409 2053 Parentem
432 1986 552 2074 pietate
569 1985 654 2050 idem
671 1982 789 2050 festum
810 1984 989 2052 adsciscere
1008 1993 1105 2073 atque
1123 1976 1198 2053 ado-
1313 2065 1317 2074 Ι
1364 2030 1369 2043 ·
1407 2031 1413 2043 -

112 2100 214 2182 ptare.
236 2091 336 2172 Quod
357 2112 431 2157 eum
455 2111 549 2177 aegre
572 2088 674 2156 ferret
691 2112 715 2155 s.
735 2088 931 2170 bernardus,
945 2110 984 2156 eo
1001 2084 1089 2177 quod
1104 2089 1197 2158 abso-
1250 2101 1256 2114 ‘
1330 2102 1335 2114 ·

107 2221 184 2267 num
201 2199 267 2288 ipsi
283 2198 453 2265 videretur
474 2197 643 2264 canonicos
656 2194 794 2262 illustris
810 2196 890 2261 adeo
901 2197 1057 2263 ecclesiae
1068 2199 1196 2285 privato

106 2297 253 2379 consilio,
271 2320 311 2366 ac
334 2301 404 2365 sine
419 2298 550 2386 praevia
566 2298 731 2364 Ecclesiae
749 2318 897 2362 romanae
914 2297 1149 2364 consultatione
1163 2308 1197 2365 et

106 2426 280 2485 consensu,
304 2403 429 2470 cultum
456 2403 541 2469 hunc
569 2402 630 2468 sub
658 2400 759 2468 dnbio
785 2401 891 2467 adhue
918 2401 1014 2466 titulo
1041 2402 1197 2471 exhibere

107 2512 143 2575 B.
159 2506 310 2596 Virgini,
335 2506 472 2596 epistola
500 2507 579 2572 satis
607 2506 786 2573 vehementi
813 2529 867 2572 eos
894 2506 1081 2593 obiurgavit
1106 2508 1197 2579 velut

106 2613 260 2680 novitatis
273 2611 475 2677 inconsultae
486 2611 662 2677 molitores.
673 2611 725 2677 Sic
737 2612 822 2676 enim
835 2634 889 2677 eos
902 2611 1080 2698 alloquitur
1092 2634 1118 2679 s.
1132 2615 1196 2679 Do-

101 2730 184 2803 ¹ctor:
211 2719 385 2807 Miramur·
399 2724 489 2796 satis,
511 2715 596 2805 qaod
615 2720 715 2783 otiam
736 2718 1038 2806 [coaequandam
1060 2731 1198 2786 vestram

111 2827 240 2891 coluisse
263 2834 388 2887 mutare
410 2823 543 2887 colorem
565 2822 726 2909 optimam,
741 2844 856 2887 aonam
876 2822 1048 2888 inducendo
1073 2821 1197 2886 celebri-

111 2942 217 3008 tatem,
241 2950 339 3016 qaam
366 2931 446 2992 ritas
469 2926 625 2992 Ecclesiae
650 2932 762 3003 nescit,
785 2949 848 2992 aaa
866 2926 984 3014 prodat
1006 2931 1110 3004 ratio,
1133 2949 1197 2994 ooo

107 3034 299 3099 commendat
323 3037 454 3119 aatiqao
478 3033 606 3098 traditio
632 3028 685 3117 (l)
716 3032 807 3110 Quae
831 3031 981 3120 deinceps
1004 3053 1063 3118 per
1085 3040 1196 3119 partes

105 3137 232 3214 evolvit,
247 3134 494 3222 concluditque:
507 3135 545 3200 Si
559 3142 603 3201 sie
617 3135 795 3212 videbator,
812 3135 1002 3201 consolanda
1019 3147 1091 3200 erat
1101 3141 1196 3223 prins

106 3241 295 3328 apostolieae
318 3237 406 3303 Sedis
429 3244 615 3316 mactaritos,
632 3251 660 3304 et
676 3260 740 3303 aaa
762 3243 809 3304 ita
827 3244 1078 3327 praecipitanter
1102 3248 1196 3327 atqua

105 3347 281 3411 inconcrelto
300 3363 479 3432 peccaram
501 3345 653 3432 sequenda
675 3345 856 3432 simplicitas
884 3348 1111 3433 imperitorum.
1142 3346 1195 3412 Ex

106 3450 225 3535 quibus
248 3449 397 3531 novimus
420 3450 539 3516 nedum
562 3449 734 3538 probatum
761 3450 792 3515 b.
812 3449 977 3516 Remardo
1000 3449 1120 3517 festum
1135 3452 1194 3517 im-

105 3553 515 3640 maculataeConceptionis
527 3575 590 3618 non
602 3551 717 3631 fuisse,
728 3553 783 3618 sed
796 3576 901 3640 neque
911 3555 1074 3642 privilegii
1087 3556 1193 3642 ipsius

104 3660 304 3737 sententiam,
321 3679 419 3746 quam
436 3658 607 3723 sufficienti
631 3657 756 3722 ratione
780 3657 1030 3746 traditionisque
1054 3659 1191 3745 antiquo

104 3763 266 3849 praesidio
291 3763 486 3828 'destitutam
509 3761 645 3849 putavit.
672 3760 708 3825 ld
732 3762 895 3828 enimvero
916 3765 1018 3830 totins
1036 3762 1192 3850 epistolae

104 3867 257 3956 allegatae
275 3868 377 3936 series
401 3862 529 3933 evincit.
1039 3858 1042 3866 ⁴

137 4173 171 4243 (l)
192 4177 266 4239 Epist
298 4169 363 4240 174,
383 4174 443 4226 odit.
462 4174 630 4228 Mantianeon
648 4188 673 4224 n.
686 4169 712 4223 1.
