2828 4904
283 444 346 497 coos
370 429 423 519 (l).
448 432 547 498 Nemo
571 437 685 510 tamen,
707 418 764 518 qui
786 446 898 498 vecors
920 433 1011 521 plane
1035 456 1096 500 non
1118 438 1170 515 sit,
1185 413 1344 507 affirmabit

284 537 325 602 ob
347 535 504 601 eiusmodi
529 536 704 600 locutiones
720 537 814 601 hosce
831 539 940 603 Patres
957 542 1168 621 existimasse,
1188 543 1344 612 Christum

282 646 450 726 peccatum
472 639 668 703 contraxisse
691 640 862 723 origina103
884 642 1036 707 sic'nemo
1058 643 1198 729 prudens
1221 645 1263 711 ob
1286 629 1345 712 eae

283 741 354 806 dem
376 740 552 806 locutiones
569 742 688 806 dixerit
704 742 853 828 allegatos
866 746 976 810 Patres
999 749 1173 828 censuisse,
1191 752 1227 815 B.
1245 750 1344 837 Virgi-

283 865 354 911 nem
377 867 451 911 vere
474 845 660 932 originalem
683 845 786 912 labem
808 848 995 914 incurrisse.
1129 916 1133 924 ,

287 947 289 953 ’
327 949 415 1016 ldem
438 948 477 1015 de
499 972 524 1014 s.
544 951 691 1015 Auselmo
714 952 831 1016 sentias
845 951 951 1031 velim,
969 956 1026 1040 qni
1047 955 1082 1019 iu
1095 955 1180 1021 libro
1193 955 1342 1023 corneo

283 1053 369 1120 domo
385 1075 448 1119 non
463 1053 623 1141 eproprio
635 1074 741 1131 sensu,
758 1053 814 1119 sed
825 1075 866 1118 ex
877 1057 1011 1122 Bosonis
1027 1058 1274 1145 interloquentis
1294 1081 1340 1124 ore
1374 1129 1380 1146 ἦ

282 1158 379 1223 citata
391 1157 488 1226 verba
502 1156 647 1243 protulit.
659 1157 824 1244 Siquidem
835 1180 909 1224 cum
920 1159 1045 1225 inlibro
1057 1160 1096 1226 de
1111 1161 1266 1250 Conceptus
1283 1164 1340 1228 Vir·
1372 1202 1380 1250 q

279 1267 361 1348 pinis
376 1262 538 1349 propriam
552 1263 655 1348 aperit
670 1263 868 1342 sententiam,
881 1264 922 1328 iis
933 1265 1040 1330 verbis
1053 1266 1143 1331 ellert
1155 1269 1192 1331 B.
1203 1267 1339 1352 Virginis
1369 1274 1380 1435 q

281 1366 467 1452 puritatem,
491 1386 573 1451 quae
596 1365 782 1455 originalem
803 1367 960 1432 maculam
976 1368 1026 1433 vel
1048 1369 1118 1454 ipso
1141 1371 1281 1434 Doctore
1295 1391 1340 1434 an·
1372 1399 1380 1458 q

283 1469 384 1555 gelico
407 1470 731 1555 interpretelomnino
753 1469 929 1536 excludunt
952 1468 1006 1558 (2)
1379 1541 1380 1560 q

325 1573 423 1638 Exiis
432 1574 562 1638 Petrum
574 1573 1128 1662 ecclesiasticorumquescriptorum
1140 1577 1256 1655 effatis,
1266 1580 1340 1664 quae
1379 1633 1380 1664 q

280 1698 338 1765 pro
348 1686 483 1766 utraque
492 1677 846 1766 contendentinmparte
855 1680 1023 1766 diligenter
1033 1683 1237 1748 excussimus
1250 1691 1340 1769 atque
1378 1747 1380 1755 Α

282 1782 492 1862 contulimus,
508 1804 643 1870 pronum
663 1792 711 1848 est
729 1785 887 1870 colligere.
906 1784 936 1849 l.
958 1786 1165 1866 Sententiam,
1181 1808 1267 1873 quse
1284 1788 1342 1853 sir

281 1889 374 1974 gineo
385 1888 553 1975 privilegio
566 1886 660 1967 favet,
673 1889 766 1953 alteri
784 1890 956 1953 sententiae
969 1891 1119 1976 temporis
1131 1878 1342 1955 antecessione
1375 1832 1380 1960 l

280 1992 512 2076 praescribere:
529 1991 615 2057 haud
630 1994 724 2078 pauci
742 1993 824 2056 enim
840 2013 880 2055 ex
896 2000 1035 2079 quatuor
1046 1993 1212 2080 prioribus
1229 1993 1340 2059 seculis

281 2096 402 2174 Patres,
420 2103 458 2159 ut
472 2094 622 2174 uidimus,
639 2117 697 2181 pro
713 2116 750 2159 ea
762 2102 853 2178 sunt3
870 2093 946 2159 dum
958 2102 1067 2159 contra
1087 2095 1214 2160 nonnisi
1230 2095 1271 2161 ab
1284 2100 1341 2160 Au·

281 2200 412 2285 gustino
424 2200 586 2265 numerari
598 2200 737 2285 primum
745 2198 1056 2285 possint,quieidem
1068 2199 1232 2265 adversari
1243 2199 1338 2266 viden

127 2311 128 2314 ’
227 2366 230 2372 .
281 2314 346 2373 tur.
363 2307 394 2373 2.
419 2308 533 2394 Neque
553 2307 649 2371 etiam
664 2312 735 2392 post
754 2306 972 2390 Augustinum
987 2306 1093 2392 ipsum
1116 2306 1234 2372 seriem
1254 2306 1339 2371 inter·

280 2418 408 2498 ruptam
430 2408 532 2475 fuisse
554 2412 687 2475 Petrum
713 2416 810 2495 atquo
839 2408 1019 2489 doctorum,
1043 2409 1100 2495 qui
1128 2409 1202 2495 piae
1233 2428 1340 2473 causae

279 2511 550 2597 suffragarentur,
576 2509 631 2575 sed
660 2510 767 2596 potius
795 2518 921 2574 auctam
943 2501 1094 2587 numero,
1118 2509 1337 2596 dictorumque

280 2616 419 2702 pondere
434 2623 466 2680 et
483 2615 637 2702 gravitate
653 2615 754 2699 magis
770 2616 1003 2679 communitam.
1021 2615 1052 2679 3.
1070 2616 1161 2693 Quae
1182 2613 1338 2700 praeclaro

279 2719 423 2806 Virginis
446 2721 554 2785 decori
577 2720 615 2785 de
632 2720 833 2785 immaculato
854 2721 1015 2807 Conceptu
1037 2720 1174 2784 maxime
1198 2718 1338 2785 videntur

278 2824 414 2905 officere,
437 2824 581 2913 perfacili
605 2826 802 2912 expositione
829 2847 929 2913 eaque
963 2823 1235 2912 opportunissima
1258 2819 1336 2886 intel·

278 2929 335 3015 ligi
358 2936 390 2993 et
413 2929 568 3015 explicari
590 2949 693 3017 posse3
709 2929 774 2993 imo
789 2952 829 2994 ex
845 2930 886 2994 iis
901 2930 1053 3016 pleraque
1070 2928 1114 2991 ita
1126 2945 1274 3012 prorsus,
1294 2918 1332 2989 uti

277 3054 376 3119 supra
398 3033 653 3110 memoravimus,
671 3030 875 3117 intelligenda
890 3053 958 3096 esse
976 3038 1072 3116 atque
1088 3027 1287 3115 explicanda,
1303 3045 1331 3089 ue

278 3155 386 3201 secum
402 3135 465 3222 ipsi
480 3145 622 3222 pugndre
646 3122 809 3199 dieantur:
831 3143 940 3199 contra
963 3133 1039 3201 vero
1061 3129 1149 3196 nulla
1173 3127 1331 3196 rationein

276 3239 453 3325 oppositam
476 3239 662 3304 sententiam
678 3237 863 3322 detorqueri
879 3245 937 3302 aut
953 3237 1088 3302 distrahi
1103 3256 1198 3322 posse
1217 3233 1331 3298 illorum

278 3346 410 3410 Patrum
432 3342 573 3421 oracula,
590 3363 673 3430 quae
696 3341 736 3405 ad
758 3343 849 3427 pium
865 3340 1096 3407 adstruendum
1117 3338 1273 3426 placitum
1294 3330 1333 3401 ad·

314 3599 346 3671 (1)
358 3604 422 3667 Onu.
435 3616 455 3654 s.
467 3603 574 3668 Gregor.
592 3601 712 3652 Nazianz.
722 3601 782 3651 edit.
838 3599 1031 3666 carnisumis
1050 3596 1098 3649 illis
1118 3596 1212 3663 qulbus
1229 3593 1333 3647 dorsum

280 3691 360 3741 Paris.
372 3683 448 3741 1630.
458 3693 520 3739 tom.
528 3689 550 3738 1.
559 3702 584 3752 p.
593 3677 653 3739 742.
666 3676 741 3752 quem
759 3686 785 3735 in
837 3699 858 3735 s.
870 3683 983 3734 dunelmi
1003 3677 1184 3734 cantuariensis
1195 3681 1256 3744 ipsis
1273 3678 1332 3748 ¹ride·

278 3775 364 3825 iocum
375 3773 409 3824 et.
420 3771 594 3826 Commeotur.
603 3772 672 3823 Elias
684 3777 785 3822 oreten-
837 3773 879 3819 tur
890 3781 987 3831 aspersa
996 3772 1021 3817 et
1032 3769 1099 3818 hunc
1110 3770 1257 3832 accensent‚
1275 3759 1332 3828 quel

279 3859 311 3910 sis
320 3861 380 3908 ibid.
390 3860 495 3910 tom-ll.
508 3859 557 3906 cot.
567 3848 643 3906 1290.
836 3854 941 3904 senserit
950 3866 1037 3904 omnes
1055 3849 1205 3919 inpeccatis
1215 3849 1333 3909 mortuos

313 3936 349 4011 (2)
368 3943 434 3994 Sane
457 3942 497 3993 vel
528 3941 574 4005 ipsi
597 3940 785 3990 centuriatores
839 3927 1334 4005 cempsarotommodomocreuestls

280 4030 508 4093 Megdeburgenses
528 4025 642 4077 centuria
662 4025 707 4074 XI.
729 4037 785 4086 cap.
837 4019 937 4074 decena
953 4019 1073 4073 centurie
1081 4018 1286 4073 Ecclesiasticus
1296 4015 1338 4069 lli·

281 4109 324 4166 10.
339 4110 377 4164 De
394 4108 520 4180 episcopis
537 4104 717 4160 delectoribus
732 4103 782 4158 Ec·
835 4104 940 4159 sturiae.
968 4107 1081 4158 Basileae
1105 4098 1185 4158 1567.
1212 4106 1264 4166 cot.
1286 4096 1339 4154 Gli

283 4196 387 4263 clerice,
405 4199 506 4260 agentes
524 4194 556 4244 de
574 4191 720 4244 doctoribus
732 4192 785 4242 bri·
836 4191 879 4241 lin.
890 4187 915 4242 8.
