2828 4904
101 1938 157 2000 era
170 1932 252 1984 ratio·

72 2006 252 2058 nebinaeiltre

81 2080 241 2128 ecurtiticner

91 2150 233 2200 habeantur

83 2849 193 2916 'Qubus
204 2853 250 2904 orl·

73 2926 145 2977 teriis
160 2926 252 2989 digno·

91 2997 235 3047 scatureli·

71 3070 134 3133 qnid
147 3072 172 3119 iu
184 3068 253 3120 diri·

70 3155 103 3191 na
115 3141 253 3192 revelatio·

70 3226 105 3264 ne
127 3213 253 3264 contineri

756 311 943 383 -138-

306 425 455 495 nodabile
470 449 659 517 permanere
670 426 814 516 doceret3
827 430 1020 520 deductique
1035 432 1070 499 in
1084 454 1146 501 sua
1157 412 1370 517 consuetudine¹

304 533 429 600 inerint
441 533 569 614 Graeci,
587 536 668 623 quin
688 536 761 603 ideo
780 536 949 603 haereseos
964 546 1040 605 nota
1054 539 1280 630 inurerentur3
1290 553 1364 632 atqu

304 635 455 702 omnibus
466 636 589 725 absque
602 637 669 703 ulla
683 638 805 704 erroris
816 638 949 726 ambage
960 643 1116 727 patuerit,
1128 644 1363 732 evangelicamrt

304 740 513 828 apostolicam
534 740 594 806 boc
617 742 756 808 articulo
779 743 939 808 contineri
965 742 1155 812 doctrinam.

394 844 560 923 Quorsum
581 865 658 911 vero
679 844 760 909 bace
774 844 808 909 in
827 842 1030 912 antecessum
1051 869 1072 914 a
1093 836 1326 918 nobis‘alt'eran
1343 881 1358 907 a

305 966 347 1013 ex
368 948 477 1034 operis
499 946 642 1014 decursu
665 946 804 1036 patefiet.
829 950 964 1015 Interim
996 972 1035 1018 ea
1057 974 1100 1018 ex
1126 953 1193 1020 ima
1216 957 1360 1044 penitaq‘u

308 1052 507 1140 theologicae
528 1051 719 1142 disciplinae
741 1062 859 1121 natura
880 1055 1068 1146 deprompta
1084 1065 1122 1126 ut
1144 1068 1235 1128 certa
1255 1069 1363 1150 rataqu

305 1164 477 1225 teneantur
498 1157 605 1226 aelim.
1388 1179 1394 1190 ⁴

679 1364 938 1440 CAPUT
974 1369 1023 1440 ΙΙ.

376 1614 378 1618 ·
463 1605 508 1650 nn
540 1602 688 1652 nacione
711 1606 780 1667 cna
804 1607 969 1654 urnsmonr
999 1609 1229 1657 counmroaes

679 1713 854 1760 comunem
882 1715 1021 1777 quacun

393 1900 445 1967 ad
456 1900 667 1989 dogmaticam
684 1902 900 1969 definitionem
927 1904 1200 1991 pronuntiandam
1217 1926 1306 1994 quae
1320 1912 1373 1971 ants

303 2008 522 2095 requiruntur
546 2007 787 2073 conditionibus
803 2010 838 2074 in
854 2017 925 2075 tuto
942 2009 1116 2089 collocatis,
1134 2009 1217 2076 ordo
1233 2011 1375 2098 postulat,

304 2121 342 2178 nt
364 2113 449 2178 ratio
473 2113 652 2200 aperiatur,
677 2135 743 2201 qua
765 2112 840 2179 illae
863 2113 1003 2179 obtineri
1024 2122 1155 2202 queant,
1180 2115 1374 2204 atqueimo

304 2226 438 2284 tescere.
451 2217 613 2305 Equidem
630 2217 657 2283 si
674 2216 713 2282 de
727 2217 892 2284 Ecclesiae
908 2219 1127 2305 propositione
1139 2218 1184 2283 sit
1201 2214 1370 2287 sermoni

302 2321 370 2389 lum
387 2321 527 2389 dubium
543 2321 689 2388 suboriri
704 2327 820 2408 potest.
840 2321 924 2387 Satis
939 2323 1025 2387 enim
1037 2330 1085 2388 est
1112 2333 1150 2388 ut
1169 2323 1310 2412 aliquid
1328 2341 1370 2390 at-

301 2426 442 2493 dendum
456 2427 523 2495 sive
535 2426 576 2492 ab
595 2426 803 2492 oecumenico
815 2426 968 2513 quopiam
981 2426 1134 2505 Concilio,
1148 2427 1222 2495 sive
1235 2449 1259 2494 a
1271 2442 1377 2495 roman

301 2530 456 2598 Pontifice
473 2553 533 2619 per
556 2530 768 2617 dogmaticam
796 2530 1066 2597 Constitutionem
1088 2540 1319 2619 proponatur,
1332 2531 1381 2597 sira

301 2637 417 2723 quavis
440 2636 504 2701 alia
526 2637 669 2714 ratione,
695 2635 724 2699 si
747 2657 811 2722 qna
836 2635 995 2724 supersit,
1019 2656 1084 2724 qua
1107 2635 1264 2702 Ecclesia
1289 2636 1380 2724 dogm

257 2766 260 2772 ·
303 2739 378 2806 fidei
403 2741 508 2828 possit
531 2762 687 2806 asserere.

395 2846 556 2924 Quoniam
563 2867 640 2911 vero
653 2866 695 2909 ex
704 2843 800 2910 dictis
808 2843 889 2909 nibil
897 2843 1041 2909 Ecclesia
1049 2864 1235 2931 proponere
1244 2849 1382 2931 petestex

304 2947 366 3014 fide
379 2948 488 3017 divina
504 2948 715 3028 credendum,
733 2946 842 3035 quod
834 2970 867 3012 rn
880 2948 1075 3015 revelatione
1092 2969 1155 3013 non
1172 2948 1381 3020 contineatur,

303 3061 404 3120 restat
417 3054 659 3143 inquirendum,
677 3073 836 3173 quaenam
852 3053 916 3117 sint
938 3054 1081 3132 criteria,
1099 3051 1222 3118 indicia
1244 3060 1280 3117 ct
1303 3067 1380 3135 argu
1410 3052 1413 3139 l

302 3168 420 3241 menta,
433 3160 555 3249 quibus
571 3167 717 3226 constare
734 3159 851 3245 possit,
865 3158 1037 3276 quamdam
1052 3157 1225 3222 veritatem
1241 3151 1380 3244 reipsait

302 3264 402 3332 verbo
417 3265 574 3331 divinitus
586 3264 764 3330 revelato'
739 3284 806 3330 srve
820 3263 941 3349 scripte
953 3263 1020 3327 sive
1033 3260 1152 3327 tradito
1168 3258 1340 3325 contineri.
1349 3254 1380 3321 lli

303 3372 457 3458 quoniam
472 3370 505 3435 id
520 3371 554 3435 in
570 3391 608 3435 ec
620 3370 670 3436 vel
683 3373 839 3458 explicite,
851 3368 900 3434 vel
912 3370 1058 3455 implicite
1082 3365 1197 3431 baberi
1221 3385 1318 3452 posse
1332 3363 1379 3427 ian

302 3476 381 3541 satis
405 3474 661 3552 declaravimus,
687 3470 816 3559 gravior
840 3494 877 3539 ac
905 3469 1068 3536 difficilior
1101 3468 1268 3534 eiusmodi
1291 3465 1381 3548 ficu

300 3579 519 3668 quisitic,ubi
542 3579 652 3664 agitur
675 3576 714 3642 de
737 3577 780 3641 iis
813 3575 1007 3642 veritatibus
1036 3596 1116 3663 quas
1140 3572 1293 3639 divinum
1325 3587 1380 3637 rer

301 3682 381 3750 bum
402 3683 462 3750 bac
478 3682 579 3749 altera
595 3681 731 3760 ratione,
748 3681 894 3768 implicite
911 3700 1035 3765 nempe,
1053 3675 1295 3764 complectitur.
1313 3675 1379 3741 Nan

302 3790 367 3854 nisi
391 3795 423 3853 et
439 3787 518 3853 istas
542 3786 699 3852 divinitus
723 3783 901 3872 patefactas
929 3803 1000 3848 esse
1027 3786 1202 3858 constaret,
1226 3792 1380 3864 nunquan

301 3893 342 3958 ab
365 3892 510 3958 Ecclesia
533 3890 682 3957 definitae
706 3888 867 3967 luissent,
892 3888 943 3952 uti
965 3886 1076 3973 plures
1100 3883 1217 3971 quovis
1241 3881 1381 3946 definite

304 4007 447 4116 tempore
472 4007 560 4077 sunt,
583 4017 641 4060 nec
664 3993 791 4060 deliniri
815 4013 969 4080 umquam
986 3988 1126 4077 possent
1145 3988 1259 4066 Quare
1277 3993 1317 4049 ut
1339 3998 1386 4071 pro

303 4103 471 4168 occasione
487 4111 545 4167 aut
560 4100 752 4166 necessitate
769 4099 922 4169 veritates
940 4093 1127 4160 huiusmodi
1142 4091 1329 4176 dogmatice
1344 4085 1393 4151 de·

304 4207 394 4273 cerni
411 4216 549 4294 queant,
571 4224 740 4272 necessum
765 4204 893 4269 omnino
909 4211 972 4280 est,
994 4208 1031 4265 ut
1050 4217 1162 4265 carum
1179 4193 1299 4260 saltem
1318 4188 1391 4258 indi·
