2828 4904
433 323 556 391 -125
576 358 619 373 -

96 469 174 528 nam,
198 458 231 514 ot
256 444 561 530 sedisapostolicae
586 438 813 526 Ecclesiaequc
831 462 977 507 ronrauae
1002 450 1065 507 tra·

96 554 153 638 2m3
172 571 364 640 persuasum
387 547 507 613 habens
531 569 593 611 nou
613 545 708 609 aliam
724 566 793 610 esse
816 544 896 609 hanc
921 545 1065 611 traditio-

96 690 195 756 quam
217 667 479 734 Praedicator'nm
502 663 694 749 opinionem.
718 660 747 726 Ο
769 658 1014 748 impudentiam!
1036 662 1065 728 Ο

96 796 146 839 nm
168 795 247 858 erga
268 771 380 837 Sedem
403 766 609 855 apostolicam
632 773 665 830 et
691 765 872 833 decessores
895 766 1065 831 Pontifices

96 871 220 963 nptum!
236 900 252 936 u
276 877 328 940 Ex
351 881 425 937 utra
440 891 517 936 vero
536 876 628 956 parte
650 870 839 955 impudentia
855 870 907 946 sit,
929 872 994 935 imo
1012 870 1067 934 ad-

96 988 126 1044 et
149 976 348 1044 incredibilis
367 974 501 1040 audacia
516 982 614 1059 atque
630 973 803 1051 temeritas,
819 995 859 1037 an
884 973 1006 1038 seilicet
1025 995 1067 1037 ex

102 1083 188 1148 Sixti
211 1083 256 1146 lv
279 1102 316 1145 ac
340 1078 533 1144 tridentinae
555 1075 685 1164 Synodi,
709 1096 791 1162 quae
815 1074 1067 1142 constitutiones

96 1186 288 1253 confirmavit
309 1193 405 1272 atque
421 1184 596 1258 innovavit,
616 1203 675 1247 nec
697 1202 761 1246 non
778 1201 1000 1246 successorum
1018 1204 1068 1246 re-

96 1312 153 1356 um
177 1290 378 1367 Pontificum,
402 1290 459 1375 qui
483 1288 608 1352 easdem
629 1286 883 1352 constitutiones
905 1287 1006 1371 magis
1030 1309 1067 1351 ac

103 1394 350 1481 amplificarunt,
368 1391 530 1458 Ecclesiae
549 1392 625 1455 item
642 1390 823 1468 universae,
841 1410 924 1475 quae
947 1387 1065 1454 festum

95 1518 195 1563 rorem
219 1495 443 1583 Conceptionis
467 1497 502 1558 B.
530 1494 673 1578 Virginis
697 1493 820 1579 ubique
844 1491 1003 1571 celebrat,
1026 1516 1067 1557 an

96 1624 125 1665 ex
149 1608 240 1687 parte
264 1599 413 1677 Lauuoii,
430 1596 590 1662 iudicium
613 1605 681 1660 esto
697 1596 837 1661 lectoris.

96 1704 211 1769 nterim
230 1702 323 1766 uobis
335 1702 415 1765 satis
426 1701 497 1764 heic
515 1700 556 1763 sit
572 1697 894 1776 animadvertisse‚ex
909 1707 973 1764 tola
989 1701 1070 1764 anti·

98 1815 202 1872 eante
213 1807 294 1871 hanc
305 1813 409 1869 ortam
420 1802 668 1869 controversiam
681 1801 805 1866 nullum
817 1823 950 1888 prorsus
965 1815 1071 1868 exsta-

96 1931 136 1975 ae
149 1909 303 1974 Patribus
315 1909 381 1973 sive
393 1929 411 1972 e
424 1906 588 1983 Conciliis,
600 1905 668 1971 sive
680 1926 697 1969 e
711 1906 849 1969 romanis
859 1906 1069 1972 Pontificibus

96 2020 233 2078 uentum
245 2009 331 2098 qnod
344 2009 551 2094 B.Virginem
565 2008 684 2074 diserte
695 2008 729 2072 in
741 2019 871 2094 peceato
888 2019 1072 2097 conceptam

96 2124 163 2182 iat:
181 2114 307 2179 nullum
325 2113 402 2178 item
424 2112 642 2177 testimonium
662 2109 802 2198 proferri
821 2133 861 2176 ex
881 2114 1072 2198 antiquitate

96 2271 100 2298 ,
124 2220 215 2307 qnod
239 2219 400 2284 commode
424 2240 498 2282 cum
518 2218 571 2304 pia
587 2217 743 2281 sententia
760 2220 904 2303 componi
926 2227 1072 2303 nequeat,

96 2335 184 2390 tnon
201 2324 314 2390 debeat
330 2323 501 2411 aliquande
518 2322 558 2387 ab
574 2323 655 2408 ipsis
675 2321 827 2386 adversae
843 2323 945 2407 partis
968 2329 1074 2408 patro·

98 2431 177 2517 poni
194 2430 340 2514 benigue.
358 2429 475 2494 Divino
499 2428 622 2492 scilicet
636 2425 822 2514 providente
846 2424 985 2491 Numine
1009 2425 1073 2491 lac-

96 2706 500 2778 puieinepeeooteestcoaeeptus
552 2703 1072 2773 cataquaeproprieeniusqueactionari-

95 2809 107 2844 ε
121 2807 203 2858 3nnm
215 2787 296 2844 ceteri
306 2789 424 2843 domines
442 2805 500 2843 cem
553 2792 689 2840 mittuntur
699 2806 743 2840 seu
754 2789 883 2842 actualia.
894 2791 973 2840 Nimis
992 2794 1074 2854 proin·
1100 2840 1103 2843 .

107 2871 505 2943 eripinelineseentestestimo-v
555 2874 1074 2938 deprobatquamrelietLaunoins.Ceto·

96 2957 308 3012 'aevoricetiortis
314 2957 398 3024 Adae,
404 2958 507 3010 etiamsi
557 2973 614 3009 rum
625 2959 666 3007 hie
674 2959 857 3022 hypercriticus
874 2960 898 3007 in
909 2960 1023 3021 pluribus
1034 2962 1071 3008 la-

96 3045 166 3098 cento
176 3039 277 3095 eoladi
288 3043 428 3095 existentes
438 3057 502 3110 per·
554 3051 668 3108 psusest3
681 3044 767 3094 sivein
780 3058 811 3092 ee
821 3045 891 3106 quod
903 3045 997 3093 tribuat
1006 3045 1071 3094 hano

95 3129 206 3182 acuetur
217 3124 361 3178 secundum
380 3124 499 3195 Prophe·
554 3127 762 3190 epistolamClero
773 3140 877 3176 romano
888 3129 1006 3178 universo
1015 3142 1073 3178 cum

1140 891 1295 953 impudentia

1119 961 1226 1011 Lunnoii

1139 1714 1206 1766 Nihil
1219 1719 1245 1767 in
1253 1727 1300 1768 an-

1124 1787 1239 1847 tiquitate
1256 1803 1300 1837 er·

1123 1861 1300 1916 presseadver·

1123 1933 1192 1977 satur
1213 1931 1300 1978 imma·

1123 1997 1222 2047 colatae
1234 1999 1301 2049 Cou-

1124 2069 1232 2130 captioni

96 3215 196 3264 rectem:
207 3207 275 3261 Eece
288 3207 356 3262 enlm
367 3209 394 3261 io
405 3207 505 3278 iniqui·
558 3216 657 3260 exarata
667 3225 718 3260 non
731 3211 820 3260 sitnisi
833 3216 966 3273 aquatnor
975 3212 1072 3275 prirno-
1170 3263 1171 3266 ,

113 3297 251 3363 conceptos
263 3306 321 3346 rum
331 3328 340 3362 ‚
352 3295 376 3345 et
395 3293 423 3345 in
442 3308 502 3361 pee—
555 3297 634 3358 ribus3
644 3297 696 3344 sive
706 3296 730 3344 in
740 3309 771 3345 eo
781 3296 847 3358 qnod
858 3296 925 3344 dicat
933 3301 989 3359 post
1001 3300 1076 3345 πηοτ-Ι

96 3377 186 3448 meepil
203 3384 339 3430 memeter
356 3392 424 3430 mea.
446 3381 505 3428 l’ost
559 3387 609 3430 tem
619 3380 725 3428 Honorii
748 3380 831 3429 datam
844 3379 931 3447 luisse,
945 3395 1003 3431 eum
1015 3380 1074 3432 dats

97 3465 171 3515 nbdit
182 3465 310 3518 Laronius
324 3480 330 3514 :
344 3485 354 3509 a
371 3468 396 3514 in
408 3478 500 3516 eoser·
552 3465 630 3514 inerit
640 3470 695 3527 post
705 3465 802 3515 obitum
812 3465 926 3515 Severini
942 3479 1073 3517 suceesso-

96 3553 163 3615 iirqo
175 3554 295 3600 contenta
307 3555 345 3599 est
357 3581 365 3613 2
381 3563 439 3599 curn
450 3565 501 3599 non
553 3550 769 3613 risilonorii3sire
779 3551 804 3598 in
813 3564 844 3599 eo
853 3551 922 3613 quod
932 3551 1077 3614 inscriptam

96 3641 135 3685 tur
143 3649 192 3685 uec
201 3635 281 3698 excipi
291 3634 439 3700 possit,qnin
450 3649 504 3684 ver·
555 3635 662 3686 affirmet
676 3635 782 3697 Angliae
791 3635 985 3701 episeopiqenm
995 3635 1078 3685 luerit

97 3725 203 3770 utentur
213 3719 277 3768 Cleri
289 3721 396 3782 romani,
407 3720 450 3782 qui
461 3720 505 3768 Ec·
558 3720 674 3781 inscripta
688 3719 818 3785 episcopis⁷
830 3718 983 3782 presbyteris
992 3725 1018 3768 et
1028 3721 1073 3768 nb-

106 3819 169 3855 suae
181 3805 308 3854 traditioni
321 3804 467 3853 inhaerebat
481 3825 502 3853 ν..
556 3803 655 3852 batibus
667 3804 767 3853 scotiae
778 3822 785 3867 3
795 3803 954 3865 adducetque
966 3803 1035 3851 iilam
1045 3817 1076 3852 ex

98 3889 155 3953 quis
164 3902 215 3938 non
223 3889 507 3938 videateodemvltiola-
559 3883 804 3954 iin.3.13edae‚oum
817 3887 945 3937 reseratur
955 3889 999 3937 lib.
1008 3879 1075 3938 λα.

97 3976 277 4032 argumentum
288 3970 345 4019 inde
355 3967 502 4020 deductum?
556 3972 646 4021 Plauza
655 3972 768 4035 op.eit.p.
778 3965 823 4021 381
832 3972 877 4018 lie
887 3969 980 4019 Gelasii
991 3975 1074 4018 tamen
1147 4028 1150 4036 Ι

96 4059 248 4117 *aeterqnam
258 4056 325 4118 qnod
339 4061 391 4104 tum
402 4057 432 4104 de
443 4071 504 4103 con·
560 4061 586 4107 et
602 4056 718 4119 Gregorii
731 4057 767 4106 al.
782 4055 989 4106 Sacramcnlariis
1001 4055 1076 4117 paulo

97 4152 147 4201 um
155 4135 188 4188 de
198 4135 270 4187 aretia
289 4138 313 4185 in
324 4137 371 4185 hoe
382 4143 452 4186 textu
463 4139 511 4186 dis·
563 4147 619 4202 pest
639 4153 753 4202 agemus.

96 4222 288 4290 ‚complectitur
297 4222 451 4273 idernteitus
461 4237 516 4285 pce·
