2828 4904
737 302 912 368 ..56-

54 439 79 489 s.
102 440 233 489 tuntum.
286 443 355 487 curn
388 420 479 506 Virpo
503 432 575 489 uret
600 425 861 508 etincorruptn,
882 441 1020 486 sermone
1034 423 1193 507 ‘serpentis
1220 433 1360 510 concepto

285 525 520 591 inobedientium
542 536 570 589 et
592 535 719 593 currem
743 529 874 612 peperit.
889 524 1006 594 ‚Murio
1028 535 1131 589 antem
1165 525 1271 609 Virgo,
1296 548 1362 591 cun

200 679 203 684 .
284 630 373 717 fidene
394 639 423 694 et
435 628 589 713 pendium
606 630 789 714 percepisset
803 618 1122 699 nuntiuuti,anrieli
1143 629 1260 693 luctum
1286 651 1363 695 nnn·

285 738 376 809 tium,
391 754 495 818 nempe
520 729 672 817 Spiritum
689 731 816 794 Domini
831 735 865 795 in
879 752 947 794 enm
969 742 1239 818 superoentnrnm,
1257 744 1288 798 ct
1304 738 1363 798 oir-

284 849 380 903 tutem
402 835 553 904 Altissimi
573 833 925 899 centumuirorum...
949 834 1117 920 respondet:
1141 833 1217 901 Fiet
1232 835 1311 901 milei
1323 858 1363 900 se-

286 941 421 1006 cundum
443 938 568 1005 verbnm
590 950 688 1005 tuum.
719 937 973 1022 Comparationis
996 937 1045 1001 vis
1068 935 1109 1001 ad
1132 957 1199 1002 rem
1223 945 1362 1003 nostram

285 1043 373 1132 quod
389 1044 504 1110 attinet
520 1042 555 1108 in
565 1064 604 1108 eo
616 1042 678 1124 sita
694 1048 754 1119 est,
768 1040 959 1127 quodsicut
970 1042 1037 1117 Era
1053 1041 1242 1128 incorrupte
1259 1041 1363 1107 adhuc

52 1150 55 1155 ’
147 1140 159 1161 “’
280 1158 319 1213 et
335 1147 497 1225 inviolata,
513 1146 686 1233 divinaque
702 1154 815 1210 oruata
832 1146 937 1231 gratia
953 1166 1052 1211 causa
1068 1143 1134 1211 fuit
1148 1153 1181 1210 el
1196 1147 1292 1231 origo
1309 1147 1363 1216 hu·

75 2917 202 2982 Origenes·

285 1253 372 1318 mani
392 1250 521 1339 generis
543 1249 656 1334 exitii3
673 1250 717 1314 itu
744 1256 778 1314 et
801 1248 1017 1334 beutavugo
1040 1249 1241 1328 intemerata,
1268 1259 1363 1337 atque

286 1363 452 1444 epeccato
473 1353 588 1443 quovis
611 1374 745 1440 prorsus
768 1353 920 1427 immunis
937 1374 1036 1421 causa
1051 1350 1135 1418 lecta
1150 1361 1199 1419 est
1217 1361 1250 1419 et
1274 1356 1363 1441 origo

287 1458 401 1524 salutis
413 1469 551 1538 nostrae,
565 1458 625 1523 sede
641 1467 738 1542 atque
754 1455 933 1522 obedientie
951 1478 1011 1523 sua
1028 1457 1211 1543 concipiens
1223 1459 1258 1523 in
1270 1467 1363 1525 utero

287 1557 452 1629 Christum
479 1562 719 1649 redemptionis·
734 1581 770 1626 nc
798 1560 913 1627 salutis
941 1567 1115 1627 auctorem.
1146 1552 1232 1627 Talis
1255 1570 1363 1629 eutem

286 1689 348 1733 non
378 1668 561 1747 extitisset,
584 1668 612 1734 si
643 1673 675 1733 ct
697 1666 768 1754 ipsa
796 1664 969 1753 aliquando
998 1654 1130 1753 peccate
1164 1663 1285 1732 fuisset
1315 1665 1364 1732 de·

288 1779 428 1858 turpnla.
497 1809 498 1812 =
1114 1820 1117 1831 .
1250 1816 1254 1824 ·

374 1877 446 1943 Huc
473 1875 595 1963 pariter
625 1872 815 1941 referuntur
837 1895 922 1962 quae
948 1872 1035 1961 upull
1056 1873 1269 1962 Hippolytum
1294 1897 1362 1962 por·

285 1987 429 2045 tuensem
445 1982 632 2068 episcopum
649 1987 682 2045 et
697 1987 871 2068 martyrem
886 1978 1051 2065 leguntur:
1069 1979 1220 2045 Dominus
1243 1985 1366 2069 peccati

284 2105 392 2171 cupere
408 2096 486 2162 erut,
503 2096 532 2151 et
544 2106 584 2150 coc
604 2086 695 2175 lignis
714 2083 940 2170 putrefactionr'
952 2106 1016 2149 non
1035 2084 1175 2150 obnonr‘is
1196 2085 1363 2150 secundun

283 2188 454 2267 hominem,
481 2189 537 2255 loc
567 2202 610 2253 est
632 2211 671 2254 en
699 2189 820 2273 Virgine
844 2200 872 2253 et
894 2187 1016 2275 Spiritu
1040 2186 1157 2255 &neto
1182 2184 1238 2275 ll).
1276 2190 1362 2254 Licet

283 2291 368 2356 euim
391 2291 469 2357 haec
491 2293 621 2379 proprie
643 2290 827 2359 reserantur
850 2290 1091 2358 admirabilem
1108 2291 1230 2358 Christi
1256 2313 1363 2359 conce-

285 2404 376 2482 ptum
400 2396 468 2461 sine
489 2396 576 2463 virili
600 2416 775 2480 congressu
798 2404 977 2481 peractum,
994 2416 1068 2462 eum
1092 2403 1198 2461 tamen
1214 2397 1318 2483 Virgo
1334 2397 1361 2460 iu

284 2522 349 2586 qua
372 2509 545 2587 conceptus
569 2510 617 2564 est
641 2498 790 2564 Christus
816 2499 958 2585 Spiritus
975 2499 1082 2564 Sancti
1098 2500 1221 2565 virtute
1246 2503 1360 2585 lignun

283 2605 517 2691 incorruptibile
532 2610 666 2668 vocetur
689 2624 751 2666 nou
775 2624 869 2668 secus
892 2625 929 2668 ac
952 2604 1022 2692 ipse
1047 2603 1189 2691 Spiritus
1215 2605 1353 2680 Sanctus,

286 2706 357 2772 ideo
378 2707 465 2773 haud
490 2707 666 2792 incongrue
683 2728 701 2770 a
719 2728 743 2772 s.
761 2706 934 2795 Hippolyto
956 2706 1128 2773 immunem
1153 2729 1225 2774 eam
1248 2709 1287 2775 ab
1300 2706 1356 2774 ori·

285 2812 382 2897 ginali
404 2812 485 2879 vitio
507 2809 724 2875 existimatam
746 2809 848 2874 fuisse
872 2807 1024 2876 infertur.

384 2917 507 2982 Verum
529 2913 659 3000 planius
683 2921 779 3001 atque
803 2915 948 3000 apertius
971 2914 1146 2999 Origenes,
1172 2937 1232 2982 seu
1257 2918 1356 3005 potius

285 3018 438 3106 antiquus
462 3024 576 3082 auctor
599 3017 804 3082 homiliarum
832 3038 915 3105 quae
938 3019 1010 3083 eius
1037 3020 1164 3084 nomine
1196 3018 1357 3087 circnmle

284 3130 415 3201 runtur,
438 3120 562 3185 beatam
586 3112 752 3206 Virginem
776 3120 1013 3186 immaculatam
1036 3121 1202 3208 praedicat
1224 3121 1277 3191 his
1298 3145 1355 3191 ver·

283 3225 352 3290 bis:
377 3225 481 3291 Huius
504 3230 609 3311 itaque
635 3224 789 3310 Unigeniti
810 3226 870 3289 Dei
890 3226 1006 3293 dicitur
1035 3226 1110 3292 laec
1138 3242 1241 3295 muter
1271 3231 1351 3313 Virgo

317 3469 350 3543 tl)
361 3481 390 3532 ln
413 3477 489 3536 Orat·
507 3481 536 3534 in
548 3478 626 3549 niun,
648 3479 791 3534 Domeros
845 3480 976 3550 ruptionis
985 3496 1080 3552 cupere
1091 3483 1147 3538 einr
1157 3481 1351 3539 tubernaculum

282 3575 453 3636 reserens.
463 3569 491 3618 tu
502 3565 632 3620 cretton.
645 3564 721 3619 Patr.
733 3568 790 3618 Gal·
844 3565 1063 3635 sustinebatur,
1080 3567 1154 3637 quon
1172 3566 1279 3624 nullum
1301 3580 1352 3640 pec·

280 3646 348 3700 mud-
357 3648 430 3700 Tou.
440 3651 473 3699 11.
484 3666 508 3714 p.
520 3645 581 3714 496,
592 3650 679 3714 fragm.
690 3650 736 3699 Vl.
746 3651 790 3699 lu·
845 3649 901 3703 cuti
915 3648 1083 3718 putredinem
1098 3650 1213 3719 penuit.
1224 3685 1250 3704 ..
1269 3648 1353 3705 Domi·

282 3733 347 3786 verit
367 3735 493 3799 integrm
515 3739 663 3786 contextum
683 3735 795 3786 ndduce-
847 3746 897 3788 nus
906 3733 1353 3805 cutenpnrmtecpersermptn

282 3831 312 3871 re
329 3834 361 3871 ex
380 3833 432 3886 quo
445 3821 565 3872 malorem
578 3820 661 3870 adhue
683 3822 733 3870 rim
750 3834 792 3871 rsa
845 3817 927 3887 lignis
933 3819 1122 3895 putrefactione*
1130 3820 1315 3876 nonotnoniis
1322 3833 1354 3874 re

283 3915 401 3965 praesens
414 3906 580 3956 mutuabitur·
590 3901 678 3955 Porro
691 3909 794 3971 nutem,
848 3902 964 3957 cundum
976 3901 1118 3969 nominem,
1138 3902 1188 3958 lenc
1200 3911 1240 3960 eet
1252 3920 1287 3959 en
1304 3903 1358 3962 Vtr-

283 3987 486 4055 mrthitprcnen
494 3985 575 4056 lipnis
584 4001 653 4056 quae
664 3991 793 4056 putresce-
848 3987 912 4055 pins
923 3990 949 4039 st
963 4000 998 4040 ec
1012 3984 1116 4056 Spiritu
1131 3985 1242 4058 Sancto,
1254 3991 1326 4044 intur
1337 3991 1360 4042 et

285 4064 792 4139 renonpotrrnnt,erntipseSalvator.
846 4069 1205 4142 foristnnpunmpurissimo
1222 4069 1362 4131 VerttDn'

287 4150 342 4204 Per
354 4151 423 4207 nnnc
435 4152 514 4223 enim,
528 4153 679 4223 putredinis
698 4159 720 4205 et
736 4168 794 4205 cor·
849 4154 1109 4210 anocnmmertm.
