<?xml version="1.0" encoding="UTF-8"?>
<!DOCTYPE html PUBLIC "-//W3C//DTD XHTML 1.0 Transitional//EN"
    "http://www.w3.org/TR/xhtml1/DTD/xhtml1-transitional.dtd">
<html xmlns="http://www.w3.org/1999/xhtml" xml:lang="en" lang="en">
 <head>
  <title>
</title>
<meta http-equiv="Content-Type" content="text/html;charset=utf-8" />
  <meta name='ocr-system' content='tesseract 3.04.00' />
  <meta name='ocr-capabilities' content='ocr_page ocr_carea ocr_par ocr_line ocrx_word'/>
</head>
<body>
  <div class='ocr_page' id='page_1' title='image "./deimmaculatobvm00perrgoog_0193.png"; bbox 0 0 2828 4904; ppageno 0'>
   <div class='ocr_carea' id='block_1_1' title="bbox 739 313 970 382">
    <p class='ocr_par' dir='ltr' id='par_1_1' title="bbox 739 313 970 382">
     <span class='ocr_line' id='line_1_1' title="bbox 739 313 970 382; baseline 0.009 -2"><span class='ocrx_word' id='word_1_1' title='bbox 739 313 924 382; x_wconf 83' lang='lat' dir='ltr'><strong>-l&#39;lh-</strong></span> <span class='ocrx_word' id='word_1_2' title='bbox 966 354 970 360; x_wconf 90' lang='lat'>-</span> 
     </span>
    </p>
   </div>
   <div class='ocr_carea' id='block_1_2' title="bbox 69 430 1214 1357">
    <p class='ocr_par' dir='ltr' id='par_1_2' title="bbox 69 430 1214 1357">
     <span class='ocr_line' id='line_1_2' title="bbox 293 430 1214 525; baseline 0.003 -25"><span class='ocrx_word' id='word_1_3' title='bbox 293 440 379 501; x_wconf 83' lang='lat' dir='ltr'><strong>stant</strong></span> <span class='ocrx_word' id='word_1_4' title='bbox 390 431 429 499; x_wconf 87' lang='lat' dir='ltr'><strong>nd</strong></span> <span class='ocrx_word' id='word_1_5' title='bbox 441 433 547 521; x_wconf 89' lang='lat' dir='ltr'><strong>capita</strong></span> <span class='ocrx_word' id='word_1_6' title='bbox 558 431 752 500; x_wconf 75' lang='lat' dir='ltr'><strong>christianae</strong></span> <span class='ocrx_word' id='word_1_7' title='bbox 763 430 840 502; x_wconf 89' lang='lat' dir='ltr'><strong>tidei</strong></span> <span class='ocrx_word' id='word_1_8' title='bbox 853 434 1100 503; x_wconf 85' lang='lat' dir='ltr'><strong>constituenda.</strong></span> <span class='ocrx_word' id='word_1_9' title='bbox 1113 435 1151 503; x_wconf 88' lang='lat' dir='ltr'><strong>id</strong></span> <span class='ocrx_word' id='word_1_10' title='bbox 1160 458 1214 525; x_wconf 90' lang='lat' dir='ltr'><strong>por</strong></span> 
     </span>
     <span class='ocr_line' id='line_1_3' title="bbox 294 537 1214 628; baseline 0.002 -23"><span class='ocrx_word' id='word_1_11' title='bbox 294 539 467 626; x_wconf 71' lang='lat' dir='ltr'><strong>contigisse</strong></span> <span class='ocrx_word' id='word_1_12' title='bbox 479 537 544 604; x_wconf 91' lang='lat' dir='ltr'><strong>dici</strong></span> <span class='ocrx_word' id='word_1_13' title='bbox 554 538 671 604; x_wconf 88' lang='lat' dir='ltr'><strong>merito</strong></span> <span class='ocrx_word' id='word_1_14' title='bbox 683 539 802 624; x_wconf 89' lang='lat' dir='ltr'><strong>polorit</strong></span> <span class='ocrx_word' id='word_1_15' title='bbox 817 540 851 604; x_wconf 93' lang='lat' dir='ltr'><strong>in</strong></span> <span class='ocrx_word' id='word_1_16' title='bbox 862 539 922 605; x_wconf 88' lang='lat' dir='ltr'><strong>hnc</strong></span> <span class='ocrx_word' id='word_1_17' title='bbox 933 539 1036 605; x_wconf 90' lang='lat' dir='ltr'><strong>etiam</strong></span> <span class='ocrx_word' id='word_1_18' title='bbox 1049 539 1094 605; x_wconf 89' lang='lat' dir='ltr'><strong>dc</strong></span> <span class='ocrx_word' id='word_1_19' title='bbox 1105 541 1214 628; x_wconf 85' lang='lat' dir='ltr'><strong>Virgin</strong></span> 
     </span>
     <span class='ocr_line' id='line_1_4' title="bbox 294 641 1214 731; baseline 0.004 -24"><span class='ocrx_word' id='word_1_20' title='bbox 294 641 403 707; x_wconf 90' lang='lat' dir='ltr'><strong>culato</strong></span> <span class='ocrx_word' id='word_1_21' title='bbox 419 641 582 728; x_wconf 82' lang='lat' dir='ltr'><strong>Conceptu</strong></span> <span class='ocrx_word' id='word_1_22' title='bbox 605 641 762 708; x_wconf 89' lang='lat' dir='ltr'><strong>doctrina:</strong></span> <span class='ocrx_word' id='word_1_23' title='bbox 779 665 988 731; x_wconf 84' lang='lat' dir='ltr'><strong>quamquam,</strong></span> <span class='ocrx_word' id='word_1_24' title='bbox 1004 643 1167 711; x_wconf 70' lang='lat' dir='ltr'><strong>cardinali</strong></span> <span class='ocrx_word' id='word_1_25' title='bbox 1189 648 1214 711; x_wconf 82' lang='lat' dir='ltr'><strong>&#39;h</strong></span> 
     </span>
     <span class='ocr_line' id='line_1_5' title="bbox 296 744 1214 837; baseline 0.005 -24"><span class='ocrx_word' id='word_1_26' title='bbox 296 745 466 813; x_wconf 88' lang='lat' dir='ltr'><strong>adnotaute</strong></span> <span class='ocrx_word' id='word_1_27' title='bbox 494 744 560 834; x_wconf 76' lang='lat' dir='ltr'><strong>(l),</strong></span> <span class='ocrx_word' id='word_1_28' title='bbox 584 768 646 813; x_wconf 91' lang='lat' dir='ltr'><strong>non</strong></span> <span class='ocrx_word' id='word_1_29' title='bbox 679 769 789 815; x_wconf 90' lang='lat' dir='ltr'><strong>omnes</strong></span> <span class='ocrx_word' id='word_1_30' title='bbox 818 750 1022 837; x_wconf 75' lang='lat' dir='ltr'><strong>antiquiores</strong></span> <span class='ocrx_word' id='word_1_31' title='bbox 1051 751 1105 817; x_wconf 94' lang='lat' dir='ltr'><strong>illi</strong></span> <span class='ocrx_word' id='word_1_32' title='bbox 1134 752 1214 817; x_wconf 85' lang='lat' dir='ltr'><strong>schol</strong></span> 
     </span>
     <span class='ocr_line' id='line_1_6' title="bbox 296 849 1203 932; baseline 0.007 -17"><span class='ocrx_word' id='word_1_33' title='bbox 296 849 431 917; x_wconf 84' lang='lat' dir='ltr'><strong>adversa</strong></span> <span class='ocrx_word' id='word_1_34' title='bbox 453 851 611 917; x_wconf 84' lang='lat' dir='ltr'><strong>sententia</strong></span> <span class='ocrx_word' id='word_1_35' title='bbox 633 860 880 932; x_wconf 88' lang='lat' dir='ltr'><strong>consenserunt,</strong></span> <span class='ocrx_word' id='word_1_36' title='bbox 904 851 962 919; x_wconf 85' lang='lat' dir='ltr'><strong>sed</strong></span> <span class='ocrx_word' id='word_1_37' title='bbox 984 875 1028 919; x_wconf 82' lang='lat' dir='ltr'><strong>ex</strong></span> <span class='ocrx_word' id='word_1_38' title='bbox 1051 854 1121 920; x_wconf 87' lang='lat' dir='ltr'><strong>illis</strong></span> <span class='ocrx_word' id='word_1_39' title='bbox 1143 876 1203 921; x_wconf 92' lang='lat' dir='ltr'><strong>nou</strong></span> 
     </span>
     <span class='ocr_line' id='line_1_7' title="bbox 87 954 1214 1046; baseline 0.004 -27"><span class='ocrx_word' id='word_1_40' title='bbox 87 969 237 1028; x_wconf 65' lang='lat' dir='ltr'><strong>moeo-</strong></span> <span class='ocrx_word' id='word_1_41' title='bbox 298 954 407 1021; x_wconf 88' lang='lat' dir='ltr'><strong>mnino</strong></span> <span class='ocrx_word' id='word_1_42' title='bbox 440 962 673 1042; x_wconf 78' lang='lat' dir='ltr'><strong>repugnarunt.</strong></span> <span class='ocrx_word' id='word_1_43' title='bbox 703 955 766 1022; x_wconf 85' lang='lat' dir='ltr'><strong>Sed</strong></span> <span class='ocrx_word' id='word_1_44' title='bbox 788 957 867 1023; x_wconf 90' lang='lat' dir='ltr'><strong>dum</strong></span> <span class='ocrx_word' id='word_1_45' title='bbox 892 957 943 1023; x_wconf 91' lang='lat' dir='ltr'><strong>illi</strong></span> <span class='ocrx_word' id='word_1_46' title='bbox 976 959 1146 1025; x_wconf 74' lang='lat' dir='ltr'><strong>theoretice</strong></span> <span class='ocrx_word' id='word_1_47' title='bbox 1167 981 1214 1046; x_wconf 80' lang='lat' dir='ltr'><strong>eq</strong></span> 
     </span>
     <span class='ocr_line' id='line_1_8' title="bbox 69 1043 1214 1167; baseline 0.005 -45"><span class='ocrx_word' id='word_1_48' title='bbox 69 1043 151 1167; x_wconf 53' lang='lat' dir='ltr'><strong>Lm</strong></span> <span class='ocrx_word' id='word_1_49' title='bbox 164 1046 248 1165; x_wconf 46' lang='lat' dir='ltr'><strong>dm</strong></span> <span class='ocrx_word' id='word_1_50' title='bbox 298 1058 556 1147; x_wconf 76' lang='lat' dir='ltr'><strong>philosophantes</strong></span> <span class='ocrx_word' id='word_1_51' title='bbox 585 1059 675 1126; x_wconf 87' lang='lat' dir='ltr'><strong>varia</strong></span> <span class='ocrx_word' id='word_1_52' title='bbox 701 1060 787 1127; x_wconf 88' lang='lat' dir='ltr'><strong>inter</strong></span> <span class='ocrx_word' id='word_1_53' title='bbox 813 1082 848 1127; x_wconf 86' lang='lat' dir='ltr'><strong>sc</strong></span> <span class='ocrx_word' id='word_1_54' title='bbox 870 1062 1084 1149; x_wconf 80' lang='lat' dir='ltr'><strong>promebant,</strong></span> <span class='ocrx_word' id='word_1_55' title='bbox 1107 1073 1214 1151; x_wconf 89' lang='lat' dir='ltr'><strong>pastor</strong></span> 
     </span>
     <span class='ocr_line' id='line_1_9' title="bbox 70 1160 1214 1254; baseline -0.003 -19"><span class='ocrx_word' id='word_1_56' title='bbox 70 1186 247 1254; x_wconf 68' lang='lat' dir='ltr'><strong>pubintpre</strong></span> <span class='ocrx_word' id='word_1_57' title='bbox 299 1161 431 1241; x_wconf 85' lang='lat' dir='ltr'><strong>siarum,</strong></span> <span class='ocrx_word' id='word_1_58' title='bbox 448 1160 633 1248; x_wconf 80' lang='lat' dir='ltr'><strong>Christique</strong></span> <span class='ocrx_word' id='word_1_59' title='bbox 657 1161 719 1228; x_wconf 91' lang='lat' dir='ltr'><strong>suh</strong></span> <span class='ocrx_word' id='word_1_60' title='bbox 733 1163 865 1229; x_wconf 91' lang='lat' dir='ltr'><strong>illorum</strong></span> <span class='ocrx_word' id='word_1_61' title='bbox 883 1165 1044 1250; x_wconf 88' lang='lat' dir='ltr'><strong>regimine</strong></span> <span class='ocrx_word' id='word_1_62' title='bbox 1067 1164 1180 1231; x_wconf 89' lang='lat' dir='ltr'><strong>fideles</strong></span> <span class='ocrx_word' id='word_1_63' title='bbox 1205 1168 1214 1205; x_wconf 74' lang='lat' dir='ltr'><strong>r</strong></span> 
     </span>
     <span class='ocr_line' id='line_1_10' title="bbox 71 1253 1214 1357; baseline 0.003 -26"><span class='ocrx_word' id='word_1_64' title='bbox 71 1253 248 1319; x_wconf 57' lang='lat' dir='ltr'>“⁸⁵⁶⁶W0m0·</span> <span class='ocrx_word' id='word_1_65' title='bbox 300 1265 524 1353; x_wconf 88' lang='lat' dir='ltr'><strong>Conceptiouis</strong></span> <span class='ocrx_word' id='word_1_66' title='bbox 547 1265 671 1332; x_wconf 87' lang='lat' dir='ltr'><strong>cultum</strong></span> <span class='ocrx_word' id='word_1_67' title='bbox 688 1273 829 1355; x_wconf 81' lang='lat' dir='ltr'><strong>practice</strong></span> <span class='ocrx_word' id='word_1_68' title='bbox 852 1266 1000 1354; x_wconf 92' lang='lat' dir='ltr'><strong>quotidie</strong></span> <span class='ocrx_word' id='word_1_69' title='bbox 1021 1271 1130 1355; x_wconf 89' lang='lat' dir='ltr'><strong>magis</strong></span> <span class='ocrx_word' id='word_1_70' title='bbox 1153 1291 1214 1357; x_wconf 90' lang='lat' dir='ltr'><strong>pro</strong></span> 
     </span>
    </p>
   </div>
   <div class='ocr_carea' id='block_1_3' title="bbox 72 1325 1214 1460">
    <p class='ocr_par' dir='ltr' id='par_1_3' title="bbox 72 1325 1214 1460">
     <span class='ocr_line' id='line_1_11' title="bbox 72 1325 1214 1385; baseline -0.009 -10"><span class='ocrx_word' id='word_1_71' title='bbox 72 1325 247 1377; x_wconf 80' lang='lat' dir='ltr'><strong>rehrtnrcon·</strong></span> <span class='ocrx_word' id='word_1_72' title='bbox 443 1367 450 1382; x_wconf 85' lang='grc'><strong><em>,</em></strong></span> <span class='ocrx_word' id='word_1_73' title='bbox 512 1369 519 1382; x_wconf 84' lang='grc'><em>,</em></span> <span class='ocrx_word' id='word_1_74' title='bbox 579 1368 586 1382; x_wconf 84' lang='grc'>,</span> <span class='ocrx_word' id='word_1_75' title='bbox 840 1369 860 1384; x_wconf 65' lang='lat'><strong>„</strong></span> <span class='ocrx_word' id='word_1_76' title='bbox 965 1371 972 1385; x_wconf 38' lang='lat'><em>⁶</em></span> <span class='ocrx_word' id='word_1_77' title='bbox 1207 1373 1214 1385; x_wconf 92' lang='lat'><strong>.</strong></span> 
     </span>
     <span class='ocr_line' id='line_1_12' title="bbox 72 1366 1214 1460; baseline 0.002 -27"><span class='ocrx_word' id='word_1_78' title='bbox 72 1396 250 1460; x_wconf 46' lang='lat' dir='ltr'><strong>,imminui</strong></span> <span class='ocrx_word' id='word_1_79' title='bbox 300 1376 397 1454; x_wconf 88' lang='lat' dir='ltr'><strong>ntquc</strong></span> <span class='ocrx_word' id='word_1_80' title='bbox 419 1366 493 1432; x_wconf 91' lang='lat' dir='ltr'><strong>lunc</strong></span> <span class='ocrx_word' id='word_1_81' title='bbox 510 1389 543 1432; x_wconf 89' lang='grc' dir='ltr'><strong>ιιι</strong></span> <span class='ocrx_word' id='word_1_82' title='bbox 558 1368 702 1434; x_wconf 85' lang='lat' dir='ltr'><strong>eiusdem</strong></span> <span class='ocrx_word' id='word_1_83' title='bbox 717 1378 864 1459; x_wconf 77' lang='lat' dir='ltr'><strong>mysteru</strong></span> <span class='ocrx_word' id='word_1_84' title='bbox 886 1370 996 1437; x_wconf 86' lang='lat' dir='ltr'><strong>studio</strong></span> <span class='ocrx_word' id='word_1_85' title='bbox 1015 1392 1056 1436; x_wconf 93' lang='lat' dir='ltr'><strong>ac</strong></span> <span class='ocrx_word' id='word_1_86' title='bbox 1073 1382 1214 1437; x_wconf 84' lang='lat' dir='ltr'><strong>venerati</strong></span> 
     </span>
    </p>
   </div>
   <div class='ocr_carea' id='block_1_4' title="bbox 72 1469 1214 3334">
    <p class='ocr_par' dir='ltr' id='par_1_4' title="bbox 72 1469 910 1538">
     <span class='ocr_line' id='line_1_13' title="bbox 72 1469 910 1538; baseline 0.005 -4"><span class='ocrx_word' id='word_1_87' title='bbox 72 1470 115 1516; x_wconf 64' lang='grc' dir='ltr'><strong>ω*</strong></span> <span class='ocrx_word' id='word_1_88' title='bbox 301 1469 481 1537; x_wconf 87' lang='lat' dir='ltr'><strong>stianorum</strong></span> <span class='ocrx_word' id='word_1_89' title='bbox 504 1471 857 1538; x_wconf 87' lang='lat' dir='ltr'><strong>cordnincalescehant.</strong></span> <span class='ocrx_word' id='word_1_90' title='bbox 907 1510 910 1515; x_wconf 76' lang='lat'><strong>,</strong></span> 
     </span>
    </p>

    <p class='ocr_par' dir='ltr' id='par_1_5' title="bbox 74 1576 1214 1990">
     <span class='ocr_line' id='line_1_14' title="bbox 391 1576 1213 1665; baseline 0.001 -24"><span class='ocrx_word' id='word_1_91' title='bbox 391 1577 439 1641; x_wconf 90' lang='lat' dir='ltr'><strong>De</strong></span> <span class='ocrx_word' id='word_1_92' title='bbox 454 1576 668 1663; x_wconf 84' lang='lat' dir='ltr'><strong>scriptoribus</strong></span> <span class='ocrx_word' id='word_1_93' title='bbox 685 1599 782 1664; x_wconf 90' lang='lat' dir='ltr'><strong>porro</strong></span> <span class='ocrx_word' id='word_1_94' title='bbox 793 1576 942 1665; x_wconf 82' lang='lat' dir='ltr'><strong>reliquis,</strong></span> <span class='ocrx_word' id='word_1_95' title='bbox 959 1577 1018 1665; x_wconf 94' lang='lat' dir='ltr'><strong>qui</strong></span> <span class='ocrx_word' id='word_1_96' title='bbox 1035 1586 1177 1644; x_wconf 87' lang='lat' dir='ltr'><strong>aetatem</strong></span> <span class='ocrx_word' id='word_1_97' title='bbox 1193 1579 1213 1642; x_wconf 91' lang='lat' dir='ltr'><strong>il</strong></span> 
     </span>
     <span class='ocr_line' id='line_1_15' title="bbox 80 1679 1214 1780; baseline 0.001 -35"><span class='ocrx_word' id='word_1_98' title='bbox 80 1715 166 1780; x_wconf 58' lang='lat' dir='ltr'><strong>qm,</strong></span> <span class='ocrx_word' id='word_1_99' title='bbox 183 1715 253 1765; x_wconf 61' lang='lat' dir='ltr'><strong>m„</strong></span> <span class='ocrx_word' id='word_1_100' title='bbox 303 1679 489 1746; x_wconf 89' lang='lat' dir='ltr'><strong>lasticorum</strong></span> <span class='ocrx_word' id='word_1_101' title='bbox 512 1687 657 1748; x_wconf 89' lang='lat' dir='ltr'><strong>velerum</strong></span> <span class='ocrx_word' id='word_1_102' title='bbox 674 1680 842 1747; x_wconf 86' lang='lat' dir='ltr'><strong>subsecuti</strong></span> <span class='ocrx_word' id='word_1_103' title='bbox 858 1690 952 1760; x_wconf 90' lang='lat' dir='ltr'><strong>suut,</strong></span> <span class='ocrx_word' id='word_1_104' title='bbox 970 1682 1098 1768; x_wconf 91' lang='lat' dir='ltr'><strong>quique</strong></span> <span class='ocrx_word' id='word_1_105' title='bbox 1119 1706 1214 1769; x_wconf 90' lang='lat' dir='ltr'><strong>magn</strong></span> 
     </span>
     <span class='ocr_line' id='line_1_16' title="bbox 74 1783 1214 1873; baseline 0 -23"><span class='ocrx_word' id='word_1_106' title='bbox 74 1799 132 1837; x_wconf 61' lang='grc' dir='ltr'><strong>Μ’</strong></span> <span class='ocrx_word' id='word_1_107' title='bbox 145 1786 187 1868; x_wconf 50' lang='grc' dir='ltr'><strong>,ᾱο</strong></span> <span class='ocrx_word' id='word_1_108' title='bbox 211 1800 253 1835; x_wconf 70' lang='lat'><strong>¹⁰·</strong></span> <span class='ocrx_word' id='word_1_109' title='bbox 303 1807 344 1850; x_wconf 83' lang='lat' dir='ltr'><strong>ex</strong></span> <span class='ocrx_word' id='word_1_110' title='bbox 356 1783 500 1871; x_wconf 87' lang='lat' dir='ltr'><strong>prolesso</strong></span> <span class='ocrx_word' id='word_1_111' title='bbox 512 1784 551 1849; x_wconf 92' lang='lat' dir='ltr'><strong>de</strong></span> <span class='ocrx_word' id='word_1_112' title='bbox 563 1784 622 1850; x_wconf 91' lang='lat' dir='ltr'><strong>bac</strong></span> <span class='ocrx_word' id='word_1_113' title='bbox 637 1794 774 1871; x_wconf 87' lang='lat' dir='ltr'><strong>egerunt</strong></span> <span class='ocrx_word' id='word_1_114' title='bbox 789 1785 988 1873; x_wconf 82' lang='lat' dir='ltr'><strong>quaestione,</strong></span> <span class='ocrx_word' id='word_1_115' title='bbox 1001 1787 1085 1851; x_wconf 93' lang='lat' dir='ltr'><strong>nihil</strong></span> <span class='ocrx_word' id='word_1_116' title='bbox 1103 1787 1214 1852; x_wconf 91' lang='lat' dir='ltr'><strong>dicend</strong></span> 
     </span>
     <span class='ocr_line' id='line_1_17' title="bbox 82 1857 1214 1990; baseline 0.001 -36"><span class='ocrx_word' id='word_1_117' title='bbox 82 1857 245 1990; x_wconf 54' lang='lat' dir='ltr'><strong>ffiffiss</strong></span> <span class='ocrx_word' id='word_1_118' title='bbox 303 1910 372 1955; x_wconf 88' lang='lat' dir='ltr'><strong>esse</strong></span> <span class='ocrx_word' id='word_1_119' title='bbox 384 1888 549 1955; x_wconf 82' lang='lat' dir='ltr'><strong>duximus.</strong></span> <span class='ocrx_word' id='word_1_120' title='bbox 560 1889 641 1955; x_wconf 87' lang='lat' dir='ltr'><strong>Cum</strong></span> <span class='ocrx_word' id='word_1_121' title='bbox 653 1892 738 1956; x_wconf 89' lang='lat' dir='ltr'><strong>enim</strong></span> <span class='ocrx_word' id='word_1_122' title='bbox 751 1891 968 1958; x_wconf 82' lang='lat' dir='ltr'><strong>controversia</strong></span> <span class='ocrx_word' id='word_1_123' title='bbox 980 1891 1108 1956; x_wconf 90' lang='lat' dir='ltr'><strong>isthaec</strong></span> <span class='ocrx_word' id='word_1_124' title='bbox 1122 1892 1157 1956; x_wconf 94' lang='lat' dir='ltr'><strong>iu</strong></span> <span class='ocrx_word' id='word_1_125' title='bbox 1170 1893 1214 1957; x_wconf 92' lang='lat' dir='ltr'><strong>sch</strong></span> 
     </span>
    </p>

    <p class='ocr_par' dir='ltr' id='par_1_6' title="bbox 298 1992 1214 3334">
     <span class='ocr_line' id='line_1_18' title="bbox 299 1992 1214 2082; baseline 0 -24"><span class='ocrx_word' id='word_1_126' title='bbox 299 1992 411 2079; x_wconf 81' lang='lat' dir='ltr'><strong>logicis</strong></span> <span class='ocrx_word' id='word_1_127' title='bbox 434 1993 497 2058; x_wconf 89' lang='lat' dir='ltr'><strong>late</strong></span> <span class='ocrx_word' id='word_1_128' title='bbox 519 1993 636 2078; x_wconf 89' lang='lat' dir='ltr'><strong>agitari</strong></span> <span class='ocrx_word' id='word_1_129' title='bbox 664 2004 775 2082; x_wconf 86' lang='lat' dir='ltr'><strong>coepta</strong></span> <span class='ocrx_word' id='word_1_130' title='bbox 799 1994 916 2073; x_wconf 89' lang='lat' dir='ltr'><strong>luerit,</strong></span> <span class='ocrx_word' id='word_1_131' title='bbox 938 2003 1038 2082; x_wconf 91' lang='lat' dir='ltr'><strong>prout</strong></span> <span class='ocrx_word' id='word_1_132' title='bbox 1065 1995 1134 2061; x_wconf 87' lang='lat' dir='ltr'><strong>inm</strong></span> <span class='ocrx_word' id='word_1_133' title='bbox 1163 1996 1214 2059; x_wconf 91' lang='lat' dir='ltr'><strong>ani</strong></span> 
     </span>
     <span class='ocr_line' id='line_1_19' title="bbox 299 2095 1203 2184; baseline 0 -22"><span class='ocrx_word' id='word_1_134' title='bbox 299 2117 384 2176; x_wconf 90' lang='lat' dir='ltr'><strong>mus,</strong></span> <span class='ocrx_word' id='word_1_135' title='bbox 406 2096 463 2162; x_wconf 90' lang='lat' dir='ltr'><strong>alii</strong></span> <span class='ocrx_word' id='word_1_136' title='bbox 486 2095 707 2183; x_wconf 89' lang='lat' dir='ltr'><strong>theologorum</strong></span> <span class='ocrx_word' id='word_1_137' title='bbox 731 2099 848 2179; x_wconf 86' lang='lat' dir='ltr'><strong>aienti,</strong></span> <span class='ocrx_word' id='word_1_138' title='bbox 878 2097 935 2163; x_wconf 86' lang='lat' dir='ltr'><strong>alii</strong></span> <span class='ocrx_word' id='word_1_139' title='bbox 961 2119 1040 2164; x_wconf 79' lang='lat' dir='ltr'><strong>vcro</strong></span> <span class='ocrx_word' id='word_1_140' title='bbox 1069 2100 1203 2184; x_wconf 83' lang='lat' dir='ltr'><strong>neganti</strong></span> 
     </span>
     <span class='ocr_line' id='line_1_20' title="bbox 300 2201 1214 2290; baseline -0.008 -22"><span class='ocrx_word' id='word_1_141' title='bbox 300 2201 472 2269; x_wconf 89' lang='lat' dir='ltr'><strong>adhaesere</strong></span> <span class='ocrx_word' id='word_1_142' title='bbox 502 2201 642 2288; x_wconf 82' lang='lat' dir='ltr'><strong>placito,</strong></span> <span class='ocrx_word' id='word_1_143' title='bbox 675 2203 742 2268; x_wconf 90' lang='lat' dir='ltr'><strong>sive</strong></span> <span class='ocrx_word' id='word_1_144' title='bbox 769 2201 856 2290; x_wconf 95' lang='lat' dir='ltr'><strong>quod</strong></span> <span class='ocrx_word' id='word_1_145' title='bbox 886 2203 993 2288; x_wconf 89' lang='lat' dir='ltr'><strong>reipsa</strong></span> <span class='ocrx_word' id='word_1_146' title='bbox 1021 2202 1069 2268; x_wconf 92' lang='lat' dir='ltr'><strong>ita</strong></span> <span class='ocrx_word' id='word_1_147' title='bbox 1109 2205 1214 2268; x_wconf 84' lang='lat' dir='ltr'><strong>sentin</strong></span> 
     </span>
     <span class='ocr_line' id='line_1_21' title="bbox 300 2304 1214 2393; baseline -0.003 -20"><span class='ocrx_word' id='word_1_148' title='bbox 300 2308 397 2374; x_wconf 90' lang='lat' dir='ltr'><strong>etiam</strong></span> <span class='ocrx_word' id='word_1_149' title='bbox 420 2304 507 2393; x_wconf 89' lang='lat' dir='ltr'><strong>quod</strong></span> <span class='ocrx_word' id='word_1_150' title='bbox 523 2304 666 2393; x_wconf 87' lang='lat' dir='ltr'><strong>partium</strong></span> <span class='ocrx_word' id='word_1_151' title='bbox 682 2304 809 2385; x_wconf 90' lang='lat' dir='ltr'><strong>studio,</strong></span> <span class='ocrx_word' id='word_1_152' title='bbox 822 2305 873 2370; x_wconf 91' lang='lat' dir='ltr'><strong>uti</strong></span> <span class='ocrx_word' id='word_1_153' title='bbox 895 2326 958 2370; x_wconf 91' lang='lat' dir='ltr'><strong>non</strong></span> <span class='ocrx_word' id='word_1_154' title='bbox 980 2327 1056 2370; x_wconf 88' lang='lat' dir='ltr'><strong>raro</strong></span> <span class='ocrx_word' id='word_1_155' title='bbox 1079 2305 1135 2385; x_wconf 89' lang='lat' dir='ltr'><strong>lit,</strong></span> <span class='ocrx_word' id='word_1_156' title='bbox 1153 2328 1214 2373; x_wconf 88' lang='lat' dir='ltr'><strong>corn</strong></span> 
     </span>
     <span class='ocr_line' id='line_1_22' title="bbox 301 2408 1214 2499; baseline -0.001 -21"><span class='ocrx_word' id='word_1_157' title='bbox 301 2421 373 2478; x_wconf 90' lang='lat' dir='ltr'><strong>tur:</strong></span> <span class='ocrx_word' id='word_1_158' title='bbox 398 2419 496 2499; x_wconf 90' lang='lat' dir='ltr'><strong>atque</strong></span> <span class='ocrx_word' id='word_1_159' title='bbox 525 2408 606 2475; x_wconf 89' lang='lat' dir='ltr'><strong>adeo</strong></span> <span class='ocrx_word' id='word_1_160' title='bbox 640 2411 759 2476; x_wconf 91' lang='lat' dir='ltr'><strong>acriter</strong></span> <span class='ocrx_word' id='word_1_161' title='bbox 786 2431 823 2476; x_wconf 90' lang='lat' dir='ltr'><strong>ac</strong></span> <span class='ocrx_word' id='word_1_162' title='bbox 854 2410 969 2497; x_wconf 93' lang='lat' dir='ltr'><strong>perdiu</strong></span> <span class='ocrx_word' id='word_1_163' title='bbox 998 2410 1172 2498; x_wconf 90' lang='lat' dir='ltr'><strong>utrimque</strong></span> <span class='ocrx_word' id='word_1_164' title='bbox 1199 2410 1214 2476; x_wconf 92' lang='lat' dir='ltr'><strong>d</strong></span> 
     </span>
     <span class='ocr_line' id='line_1_23' title="bbox 301 2513 1214 2595; baseline -0.009 -11"><span class='ocrx_word' id='word_1_165' title='bbox 301 2525 359 2585; x_wconf 90' lang='lat' dir='ltr'><strong>est.</strong></span> <span class='ocrx_word' id='word_1_166' title='bbox 382 2518 491 2595; x_wconf 88' lang='lat' dir='ltr'><strong>Quare</strong></span> <span class='ocrx_word' id='word_1_167' title='bbox 514 2516 548 2580; x_wconf 93' lang='lat' dir='ltr'><strong>in</strong></span> <span class='ocrx_word' id='word_1_168' title='bbox 573 2521 661 2580; x_wconf 89' lang='lat' dir='ltr'><strong>lanto</strong></span> <span class='ocrx_word' id='word_1_169' title='bbox 688 2515 867 2580; x_wconf 90' lang='lat' dir='ltr'><strong>animorum</strong></span> <span class='ocrx_word' id='word_1_170' title='bbox 890 2513 1058 2594; x_wconf 90' lang='lat' dir='ltr'><strong>conllictn,</strong></span> <span class='ocrx_word' id='word_1_171' title='bbox 1082 2537 1151 2580; x_wconf 91' lang='lat' dir='ltr'><strong>non</strong></span> <span class='ocrx_word' id='word_1_172' title='bbox 1175 2529 1214 2580; x_wconf 84' lang='lat' dir='ltr'><strong>est</strong></span> 
     </span>
     <span class='ocr_line' id='line_1_24' title="bbox 300 2621 1209 2709; baseline -0.003 -21"><span class='ocrx_word' id='word_1_173' title='bbox 300 2623 440 2688; x_wconf 91' lang='lat' dir='ltr'><strong>iusmodi</strong></span> <span class='ocrx_word' id='word_1_174' title='bbox 464 2623 659 2709; x_wconf 90' lang='lat' dir='ltr'><strong>scriptorum</strong></span> <span class='ocrx_word' id='word_1_175' title='bbox 681 2621 747 2687; x_wconf 89' lang='lat' dir='ltr'><strong>ulla</strong></span> <span class='ocrx_word' id='word_1_176' title='bbox 770 2643 829 2708; x_wconf 92' lang='lat' dir='ltr'><strong>pro</strong></span> <span class='ocrx_word' id='word_1_177' title='bbox 856 2643 891 2686; x_wconf 91' lang='lat' dir='ltr'><strong>rc</strong></span> <span class='ocrx_word' id='word_1_178' title='bbox 914 2626 1023 2685; x_wconf 90' lang='lat' dir='ltr'><strong>nostra</strong></span> <span class='ocrx_word' id='word_1_179' title='bbox 1051 2621 1142 2685; x_wconf 91' lang='lat' dir='ltr'><strong>ratio</strong></span> <span class='ocrx_word' id='word_1_180' title='bbox 1167 2622 1209 2685; x_wconf 90' lang='lat' dir='ltr'><strong>sit</strong></span> 
     </span>
     <span class='ocr_line' id='line_1_25' title="bbox 298 2724 1213 2814; baseline -0.002 -23"><span class='ocrx_word' id='word_1_181' title='bbox 298 2728 342 2792; x_wconf 30' lang='lat' dir='ltr'><strong>*ut</strong></span> <span class='ocrx_word' id='word_1_182' title='bbox 365 2727 510 2814; x_wconf 83' lang='lat' dir='ltr'><strong>quamvis</strong></span> <span class='ocrx_word' id='word_1_183' title='bbox 534 2725 685 2791; x_wconf 84' lang='lat' dir='ltr'><strong>adversae</strong></span> <span class='ocrx_word' id='word_1_184' title='bbox 709 2725 811 2812; x_wconf 91' lang='lat' dir='ltr'><strong>partis</strong></span> <span class='ocrx_word' id='word_1_185' title='bbox 835 2733 1007 2790; x_wconf 83' lang='lat' dir='ltr'><strong>sectatores</strong></span> <span class='ocrx_word' id='word_1_186' title='bbox 1032 2724 1067 2787; x_wconf 91' lang='lat' dir='ltr'><strong>in</strong></span> <span class='ocrx_word' id='word_1_187' title='bbox 1092 2746 1213 2789; x_wconf 89' lang='lat' dir='ltr'><strong>causac</strong></span> 
     </span>
     <span class='ocr_line' id='line_1_26' title="bbox 302 2828 1195 2918; baseline 0.002 -25"><span class='ocrx_word' id='word_1_188' title='bbox 302 2831 475 2896; x_wconf 88' lang='lat' dir='ltr'><strong>trociniurn</strong></span> <span class='ocrx_word' id='word_1_189' title='bbox 508 2830 595 2894; x_wconf 91' lang='lat' dir='ltr'><strong>haud</strong></span> <span class='ocrx_word' id='word_1_190' title='bbox 624 2851 787 2918; x_wconf 88' lang='lat' dir='ltr'><strong>paucose</strong></span> <span class='ocrx_word' id='word_1_191' title='bbox 822 2828 985 2897; x_wconf 85' lang='lat' dir='ltr'><strong>veteribus</strong></span> <span class='ocrx_word' id='word_1_192' title='bbox 1008 2828 1048 2892; x_wconf 92' lang='lat' dir='ltr'><strong>de</strong></span> <span class='ocrx_word' id='word_1_193' title='bbox 1080 2830 1195 2895; x_wconf 87' lang='lat' dir='ltr'><strong>schola</strong></span> 
     </span>
     <span class='ocr_line' id='line_1_27' title="bbox 301 2931 1214 3021; baseline 0.001 -23"><span class='ocrx_word' id='word_1_194' title='bbox 301 2931 446 3021; x_wconf 88' lang='lat' dir='ltr'><strong>prolerre</strong></span> <span class='ocrx_word' id='word_1_195' title='bbox 470 2935 645 3021; x_wconf 90' lang='lat' dir='ltr'><strong>potuerint,</strong></span> <span class='ocrx_word' id='word_1_196' title='bbox 671 2941 775 2999; x_wconf 89' lang='lat' dir='ltr'><strong>tamen</strong></span> <span class='ocrx_word' id='word_1_197' title='bbox 796 2946 970 3020; x_wconf 84' lang='lat' dir='ltr'><strong>progressu</strong></span> <span class='ocrx_word' id='word_1_198' title='bbox 995 2933 1157 3019; x_wconf 88' lang='lat' dir='ltr'><strong>temporis</strong></span> <span class='ocrx_word' id='word_1_199' title='bbox 1181 2932 1214 2999; x_wconf 86' lang='lat' dir='ltr'><strong>la</strong></span> 
     </span>
     <span class='ocr_line' id='line_1_28' title="bbox 302 3037 1214 3126; baseline 0 -22"><span class='ocrx_word' id='word_1_200' title='bbox 302 3048 339 3104; x_wconf 91' lang='lat' dir='ltr'><strong>ut</strong></span> <span class='ocrx_word' id='word_1_201' title='bbox 355 3046 512 3126; x_wconf 90' lang='lat' dir='ltr'><strong>quantum</strong></span> <span class='ocrx_word' id='word_1_202' title='bbox 536 3039 590 3103; x_wconf 92' lang='lat' dir='ltr'><strong>illa</strong></span> <span class='ocrx_word' id='word_1_203' title='bbox 608 3060 681 3125; x_wconf 84' lang='lat' dir='ltr'><strong>pars</strong></span> <span class='ocrx_word' id='word_1_204' title='bbox 699 3048 731 3103; x_wconf 88' lang='lat' dir='ltr'><strong>et</strong></span> <span class='ocrx_word' id='word_1_205' title='bbox 747 3060 882 3103; x_wconf 89' lang='lat' dir='ltr'><strong>numero</strong></span> <span class='ocrx_word' id='word_1_206' title='bbox 898 3037 1119 3117; x_wconf 86' lang='lat' dir='ltr'><strong>decresceret,</strong></span> <span class='ocrx_word' id='word_1_207' title='bbox 1144 3048 1177 3105; x_wconf 91' lang='lat' dir='ltr'><strong>et</strong></span> <span class='ocrx_word' id='word_1_208' title='bbox 1196 3061 1214 3104; x_wconf 88' lang='lat' dir='ltr'><strong>a</strong></span> 
     </span>
     <span class='ocr_line' id='line_1_29' title="bbox 302 3142 1214 3228; baseline -0.003 -19"><span class='ocrx_word' id='word_1_209' title='bbox 302 3143 440 3222; x_wconf 90' lang='lat' dir='ltr'><strong>caderet,</strong></span> <span class='ocrx_word' id='word_1_210' title='bbox 458 3151 582 3209; x_wconf 86' lang='lat' dir='ltr'><strong>tanturn</strong></span> <span class='ocrx_word' id='word_1_211' title='bbox 599 3143 747 3208; x_wconf 84' lang='lat' dir='ltr'><strong>alternet</strong></span> <span class='ocrx_word' id='word_1_212' title='bbox 767 3142 962 3211; x_wconf 88' lang='lat' dir='ltr'><strong>asseclarum</strong></span> <span class='ocrx_word' id='word_1_213' title='bbox 976 3163 1120 3209; x_wconf 89' lang='lat' dir='ltr'><strong>numero</strong></span> <span class='ocrx_word' id='word_1_214' title='bbox 1142 3166 1214 3228; x_wconf 75' lang='lat' dir='ltr'><strong>augi</strong></span> 
     </span>
     <span class='ocr_line' id='line_1_30' title="bbox 302 3245 1214 3334; baseline -0.004 -22"><span class='ocrx_word' id='word_1_215' title='bbox 302 3248 495 3312; x_wconf 87' lang='lat' dir='ltr'><strong>auctoritate</strong></span> <span class='ocrx_word' id='word_1_216' title='bbox 518 3248 564 3312; x_wconf 89' lang='lat' dir='ltr'><strong>ita</strong></span> <span class='ocrx_word' id='word_1_217' title='bbox 581 3247 789 3334; x_wconf 86' lang='lat' dir='ltr'><strong>praevaleret,</strong></span> <span class='ocrx_word' id='word_1_218' title='bbox 809 3255 845 3315; x_wconf 90' lang='lat' dir='ltr'><strong>ut</strong></span> <span class='ocrx_word' id='word_1_219' title='bbox 865 3245 1023 3311; x_wconf 89' lang='lat' dir='ltr'><strong>aemulam</strong></span> <span class='ocrx_word' id='word_1_220' title='bbox 1039 3245 1099 3310; x_wconf 81' lang='lat' dir='ltr'><strong>vix</strong></span> <span class='ocrx_word' id='word_1_221' title='bbox 1117 3246 1194 3312; x_wconf 90' lang='lat' dir='ltr'><strong>iude</strong></span> <span class='ocrx_word' id='word_1_222' title='bbox 1213 3269 1214 3308; x_wconf 79' lang='lat'>1</span> 
     </span>
    </p>
   </div>
   <div class='ocr_carea' id='block_1_5' title="bbox 297 3349 1214 3439">
    <p class='ocr_par' dir='ltr' id='par_1_7' title="bbox 297 3349 1214 3439">
     <span class='ocr_line' id='line_1_31' title="bbox 297 3349 1214 3439; baseline 0 -23"><span class='ocrx_word' id='word_1_223' title='bbox 297 3362 361 3417; x_wconf 89' lang='lat' dir='ltr'><strong>tam</strong></span> <span class='ocrx_word' id='word_1_224' title='bbox 384 3351 507 3418; x_wconf 86' lang='lat' dir='ltr'><strong>diceres</strong></span> <span class='ocrx_word' id='word_1_225' title='bbox 537 3349 589 3439; x_wconf 76' lang='lat'><strong>(2)</strong></span> <span class='ocrx_word' id='word_1_226' title='bbox 616 3350 781 3438; x_wconf 89' lang='lat' dir='ltr'><strong>Siquidem</strong></span> <span class='ocrx_word' id='word_1_227' title='bbox 805 3351 978 3438; x_wconf 90' lang='lat' dir='ltr'><strong>pleraeque</strong></span> <span class='ocrx_word' id='word_1_228' title='bbox 1000 3371 1117 3416; x_wconf 91' lang='lat' dir='ltr'><strong>omnes</strong></span> <span class='ocrx_word' id='word_1_229' title='bbox 1150 3351 1214 3430; x_wconf 76' lang='lat' dir='ltr'><strong>reli</strong></span> 
     </span>
    </p>
   </div>
   <div class='ocr_carea' id='block_1_6' title="bbox 302 3467 1214 3659">
    <p class='ocr_par' dir='ltr' id='par_1_8' title="bbox 302 3467 1214 3659">
     <span class='ocr_line' id='line_1_32' title="bbox 302 3467 1214 3555; baseline -0.001 -22"><span class='ocrx_word' id='word_1_230' title='bbox 302 3470 421 3546; x_wconf 84' lang='lat' dir='ltr'><strong>miliae,</strong></span> <span class='ocrx_word' id='word_1_231' title='bbox 452 3467 633 3534; x_wconf 90' lang='lat' dir='ltr'><strong>academiae</strong></span> <span class='ocrx_word' id='word_1_232' title='bbox 661 3476 821 3555; x_wconf 91' lang='lat' dir='ltr'><strong>quotquot</strong></span> <span class='ocrx_word' id='word_1_233' title='bbox 842 3468 876 3531; x_wconf 91' lang='lat' dir='ltr'><strong>in</strong></span> <span class='ocrx_word' id='word_1_234' title='bbox 900 3468 1034 3553; x_wconf 87' lang='lat' dir='ltr'><strong>Europa</strong></span> <span class='ocrx_word' id='word_1_235' title='bbox 1058 3468 1214 3535; x_wconf 88' lang='lat' dir='ltr'><strong>universa</strong></span> 
     </span>
     <span class='ocr_line' id='line_1_33' title="bbox 304 3572 1214 3659; baseline -0.003 -20"><span class='ocrx_word' id='word_1_236' title='bbox 304 3575 472 3653; x_wconf 89' lang='lat' dir='ltr'><strong>lehriores,</strong></span> <span class='ocrx_word' id='word_1_237' title='bbox 496 3573 643 3639; x_wconf 89' lang='lat' dir='ltr'><strong>doctores</strong></span> <span class='ocrx_word' id='word_1_238' title='bbox 667 3572 801 3638; x_wconf 90' lang='lat' dir='ltr'><strong>scientia</strong></span> <span class='ocrx_word' id='word_1_239' title='bbox 815 3580 862 3637; x_wconf 75' lang='lat' dir='ltr'><strong>&#39;ac</strong></span> <span class='ocrx_word' id='word_1_240' title='bbox 881 3572 1053 3637; x_wconf 89' lang='lat' dir='ltr'><strong>sanctitate</strong></span> <span class='ocrx_word' id='word_1_241' title='bbox 1076 3582 1214 3659; x_wconf 80' lang='lat' dir='ltr'><strong>praesta:</strong></span> 
     </span>
    </p>
   </div>
   <div class='ocr_carea' id='block_1_7' title="bbox 306 3837 1214 4255">
    <p class='ocr_par' dir='ltr' id='par_1_9' title="bbox 306 3837 1214 4168">
     <span class='ocr_line' id='line_1_34' title="bbox 332 3837 1214 3920; baseline -0.003 -16"><span class='ocrx_word' id='word_1_242' title='bbox 332 3837 336 3844; x_wconf 49' lang='lat'><strong><em>⁹</em></strong></span> <span class='ocrx_word' id='word_1_243' title='bbox 349 3851 382 3920; x_wconf 80' lang='lat' dir='ltr'><strong>tt)</strong></span> <span class='ocrx_word' id='word_1_244' title='bbox 397 3850 540 3904; x_wconf 75' lang='lat' dir='ltr'><strong>Commeat.</strong></span> <span class='ocrx_word' id='word_1_245' title='bbox 550 3849 576 3902; x_wconf 83' lang='lat' dir='ltr'><strong>in</strong></span> <span class='ocrx_word' id='word_1_246' title='bbox 586 3846 611 3902; x_wconf 80' lang='lat'><strong>3.</strong></span> <span class='ocrx_word' id='word_1_247' title='bbox 628 3848 702 3902; x_wconf 81' lang='lat' dir='ltr'><strong>Part.</strong></span> <span class='ocrx_word' id='word_1_248' title='bbox 714 3864 736 3902; x_wconf 85' lang='lat' dir='ltr'><strong>r.</strong></span> <span class='ocrx_word' id='word_1_249' title='bbox 749 3847 819 3902; x_wconf 83' lang='lat' dir='ltr'><strong>Tho·</strong></span> <span class='ocrx_word' id='word_1_250' title='bbox 875 3845 1049 3918; x_wconf 80' lang='lat' dir='ltr'><strong>Concepttorte</strong></span> <span class='ocrx_word' id='word_1_251' title='bbox 1061 3850 1183 3914; x_wconf 80' lang='lat' dir='ltr'><strong>Lugduni</strong></span> <span class='ocrx_word' id='word_1_252' title='bbox 1195 3847 1214 3901; x_wconf 71' lang='lat' dir='ltr'><strong>t:</strong></span> 
     </span>
     <span class='ocr_line' id='line_1_35' title="bbox 306 3929 1214 4007; baseline -0.008 -16"><span class='ocrx_word' id='word_1_253' title='bbox 306 3953 363 3991; x_wconf 85' lang='lat' dir='ltr'><strong>moe</strong></span> <span class='ocrx_word' id='word_1_254' title='bbox 372 3929 527 4007; x_wconf 77' lang='lat' dir='ltr'><strong>quaest.27,</strong></span> <span class='ocrx_word' id='word_1_255' title='bbox 540 3937 608 4001; x_wconf 89' lang='lat' dir='ltr'><strong>quod</strong></span> <span class='ocrx_word' id='word_1_256' title='bbox 620 3937 818 3999; x_wconf 86' lang='lat' dir='ltr'><strong>manuscriptum</strong></span> <span class='ocrx_word' id='word_1_257' title='bbox 873 3935 967 3985; x_wconf 83' lang='lat' dir='ltr'><strong>scribit:</strong></span> <span class='ocrx_word' id='word_1_258' title='bbox 979 3931 1109 3986; x_wconf 80' lang='lat' dir='ltr'><strong>Doctores</strong></span> <span class='ocrx_word' id='word_1_259' title='bbox 1125 3939 1214 3990; x_wconf 64' lang='lat' dir='ltr'><strong>noent</strong></span> 
     </span>
     <span class='ocr_line' id='line_1_36' title="bbox 307 4009 1213 4087; baseline -0.004 -13"><span class='ocrx_word' id='word_1_260' title='bbox 307 4031 449 4074; x_wconf 71' lang='lat' dir='ltr'><strong>asseruntur</strong></span> <span class='ocrx_word' id='word_1_261' title='bbox 464 4023 489 4072; x_wconf 88' lang='lat' dir='ltr'><strong>in</strong></span> <span class='ocrx_word' id='word_1_262' title='bbox 501 4022 652 4071; x_wconf 88' lang='lat' dir='ltr'><strong>bibliotheca</strong></span> <span class='ocrx_word' id='word_1_263' title='bbox 662 4021 765 4085; x_wconf 83' lang='lat' dir='ltr'><strong>Collegit</strong></span> <span class='ocrx_word' id='word_1_264' title='bbox 778 4035 816 4071; x_wconf 93' lang='lat' dir='ltr'><strong>ro·</strong></span> <span class='ocrx_word' id='word_1_265' title='bbox 871 4024 930 4071; x_wconf 82' lang='lat' dir='ltr'><strong>nem</strong></span> <span class='ocrx_word' id='word_1_266' title='bbox 940 4033 995 4071; x_wconf 78' lang='lat' dir='ltr'><strong>cere</strong></span> <span class='ocrx_word' id='word_1_267' title='bbox 1010 4009 1213 4087; x_wconf 73' lang='lat' dir='ltr'><strong>praetervolant</strong></span> 
     </span>
     <span class='ocr_line' id='line_1_37' title="bbox 309 4091 1214 4168; baseline -0.003 -12"><span class='ocrx_word' id='word_1_268' title='bbox 309 4109 385 4157; x_wconf 80' lang='lat' dir='ltr'><strong>ruani-</strong></span> <span class='ocrx_word' id='word_1_269' title='bbox 472 4091 474 4094; x_wconf 50' lang='grc'><strong>’</strong></span> <span class='ocrx_word' id='word_1_270' title='bbox 872 4102 983 4168; x_wconf 84' lang='lat' dir='ltr'><strong>peccato)</strong></span> <span class='ocrx_word' id='word_1_271' title='bbox 993 4116 1048 4153; x_wconf 84' lang='lat' dir='ltr'><strong>esse</strong></span> <span class='ocrx_word' id='word_1_272' title='bbox 1059 4115 1173 4155; x_wconf 79' lang='lat' dir='ltr'><strong>numero</strong></span> <span class='ocrx_word' id='word_1_273' title='bbox 1183 4103 1214 4168; x_wconf 75' lang='lat' dir='ltr'><strong>itt,</strong></span> 
     </span>
    </p>

    <p class='ocr_par' dir='ltr' id='par_1_10' title="bbox 343 4182 1212 4255">
     <span class='ocr_line' id='line_1_38' title="bbox 343 4182 1212 4255; baseline -0.001 -17"><span class='ocrx_word' id='word_1_274' title='bbox 343 4182 376 4255; x_wconf 55' lang='lat'><strong>(2)</strong></span> <span class='ocrx_word' id='word_1_275' title='bbox 394 4190 459 4240; x_wconf 87' lang='lat' dir='ltr'><strong>Sane</strong></span> <span class='ocrx_word' id='word_1_276' title='bbox 471 4187 766 4238; x_wconf 85' lang='lat' dir='ltr'><strong>CaietanusioTractatu</strong></span> <span class='ocrx_word' id='word_1_277' title='bbox 787 4185 822 4238; x_wconf 78' lang='lat' dir='ltr'><strong>de·</strong></span> <span class='ocrx_word' id='word_1_278' title='bbox 872 4183 1009 4238; x_wconf 82' lang='lat' dir='ltr'><strong>modernos</strong></span> <span class='ocrx_word' id='word_1_279' title='bbox 1020 4185 1212 4255; x_wconf 74' lang='lat' dir='ltr'><strong>spectemusll</strong></span> 
     </span>
    </p>
   </div>
   <div class='ocr_carea' id='block_1_8' title="bbox 0 0 1425 4904">
    <p class='ocr_par' dir='ltr' id='par_1_11' title="bbox 0 0 1425 4904">
     <span class='ocr_line' id='line_1_39' title="bbox 0 0 1425 4904; baseline 0 0"><span class='ocrx_word' id='word_1_280' title='bbox 0 0 1425 4904; x_wconf 95' lang='lat' dir='ltr'><strong> </strong></span> 
     </span>
    </p>
   </div>
  </div>
 </body>
</html>
