2828 4904
97 472 362 552 opugneturque‚
387 471 483 547 atque
499 483 516 524 a
533 460 631 524 divini
658 456 746 522 verbi
765 452 974 540 praeconibus
998 474 1057 539 pu·

96 593 114 633 e
149 575 303 652 suggestu
328 565 448 631 utristi
475 562 623 628 lidelibus
648 568 853 646 proponatur.
880 556 1058 625 Concilium

96 672 293 737 ridentinum
316 670 349 734 in
372 668 500 733 decreto
523 667 562 731 de
585 675 715 752 peccato
737 662 887 747 originali
903 666 1060 748 protesta-

96 788 128 856 εἰ,
147 799 204 841 seu
227 775 367 840 edictum
390 773 501 838 voluit:
525 771 595 837 Non
617 792 676 834 esse
697 791 771 834 suae
794 771 968 832 trrtcrrtiom's
982 785 1061 829 com·

96 883 164 945 dere
188 886 221 944 r'rr
245 879 300 942 liae
322 880 463 951 decreto,
485 875 540 940 obi
560 876 594 939 de
614 885 738 960 peccato
773 872 921 953 erigeronti
941 875 1059 951 egitur,

96 1029 99 1042 .
116 1000 146 1048 et
162 983 393 1046 irrrrnoculotom
413 979 561 1064 Virginem
573 977 710 1041 *narrum
723 975 782 1037 Dei
805 973 988 1035 lienltrr'ccm
1004 966 1058 1057 (lla

123 1086 175 1150 his
202 1092 347 1149 contenta
376 1080 549 1168 apostolica
574 1078 669 1144 Sedes
694 1077 792 1153 stetit,
817 1073 872 1137 sed
895 1082 1057 1158 practerea

97 1196 211 1254 eretur
244 1186 385 1270 Virginis
416 1184 598 1270 Conceptio,
616 1181 792 1247 Ecclesiam
817 1178 997 1242 nniversam
1019 1177 1058 1240 ad

96 1303 200 1357 esaum
222 1287 446 1355 celebrandum
473 1286 665 1372 obligatione
690 1283 851 1370 praecepti
874 1281 1057 1346 obstrinxit.

95 1396 228 1483 quidem
252 1394 365 1480 agendi
388 1394 471 1459 ratio
498 1391 801 1480 pantanu-obiecta
818 1390 1059 1474 scripturarum

96 1523 108 1566 a
138 1498 347 1586 peculiariter
363 1504 395 1560 et
423 1497 552 1583 proprie
576 1498 612 1560 B.
645 1495 808 1578 Virginem
835 1514 897 1557 non
919 1504 1059 1576 tangere:

96 1605 127 1668 in
159 1601 248 1667 nullo
286 1608 378 1687 pacto
408 1609 446 1664 nt
470 1606 527 1687 pio
564 1608 622 1664 aut
652 1597 855 1684 propugnari,
882 1607 939 1661 aut
972 1618 1063 1683 prae·

99 1712 212 1793 posset
234 1704 311 1769 haec
329 1704 498 1780 sententia,
516 1701 570 1766 sed
594 1701 721 1765 omnino
741 1709 775 1763 ut
791 1699 882 1778 lalsa,
900 1709 938 1763 ut
951 1700 1062 1786 impia,

110 1806 271 1885 ferenda,
301 1806 420 1893 quippe
453 1827 535 1891 quae
568 1804 747 1868 Bibliorurn
778 1804 965 1867 auctoritati
990 1825 1063 1867 cen-

108 1910 256 1976 habenda
279 1916 373 1974 esset.
398 1911 510 1994 ltaque
534 1908 592 1972 hac
620 1907 743 1971 ratione
760 1907 902 1972 demitur
925 1908 972 1974 vis
998 1916 1063 1970 tota

96 2017 129 2081 is
163 2014 290 2080 biblicis
322 2013 524 2090 testimoniis,
542 2010 663 2098 quibus
679 2011 712 2074 in
729 2032 848 2090 omnes,
866 2034 931 2076 uno
954 2033 1059 2076 exent-

96 2119 195 2195 tristo‚
213 2115 326 2203 eulpae
347 2115 513 2201 originalis
540 2113 727 2200 propagatio
754 2113 948 2179 adstruitur:
965 2114 1059 2181 nihil-

96 2245 101 2286 l
124 2220 193 2284 illis
218 2218 322 2284 obstat
345 2219 517 2306 quominus
541 2220 577 2282 B.
595 2217 696 2301 Virgo
719 2215 877 2302 singulari
898 2216 960 2281 Dei
990 2238 1060 2280 rnn-

96 2326 124 2390 in
158 2324 228 2409 ipso
251 2331 435 2409 conceptus,
468 2344 536 2400 seu,
567 2330 604 2385 ut
631 2321 733 2396 aiunt,
765 2319 967 2385 animationis
996 2339 1060 2382 mo-

100 2428 273 2492 incolumis
292 2449 348 2512 per
365 2426 487 2511 gratiae
516 2423 742 2490 sanctificantis
769 2422 971 2509 largitionem
995 2447 1060 2487 ser-

95 2532 118 2596 b
144 2531 198 2596 illa
222 2531 349 2595 dicatur
374 2528 426 2616 (⁸2).
920 2590 923 2595 ,

96 2655 152 2698 um
179 2654 253 2697 vero
277 2633 434 2697 eiusmodi
452 2633 565 2718 gratia,
590 2653 654 2718 qua
678 2633 715 2696 B.
739 2632 840 2718 Virgo
863 2631 1014 2697 immunis
1039 2652 1058 2697 a
1109 2630 1290 2685 excluduntur

96 2738 173 2803 enin
195 2736 265 2801 labe
293 2746 417 2802 servata
433 2746 528 2815 esset,
545 2736 585 2800 ad
612 2736 767 2801 intuitum
785 2736 906 2802 Christi
928 2735 1057 2801 rnerito·
1106 2716 1290 2825 {liffsrffi

98 2840 130 2904 si
153 2862 170 2906 a
195 2843 263 2904 Deo
280 2839 395 2904 luisset
411 2841 536 2918 collata,
554 2848 665 2925 sponte
681 2861 739 2902 sua
752 2839 912 2926 sequitur,
930 2840 966 2903 B.
984 2839 1058 2903 Vir·
1108 2838 1202 2907 etl⁰¹¹l⁸
1229 2857 1289 2906 nro·

96 2944 227 3029 eguisse
243 2943 470 3031 redemptionis
483 2944 597 3029 pretio‚
611 2965 648 3006 ac
664 2964 776 3029 reapse
794 2944 948 3029 sanguine
967 2943 1057 3007 tlhri-
1109 2919 1233 3046 mfffig}
1246 2997 1287 3033 w,

97 3048 209 3113 biliori
233 3048 357 3113 scilicet
376 3048 603 3134 redemptionis
621 3070 747 3133 genere,
764 3048 959 3135 redemptam
980 3048 1058 3112 luis·
1124 3053 1276 3173 deppptoouia

96 3263 161 3314 elert
173 3265 240 3314 card.
251 3265 407 3330 Pallariolnl,
426 3270 454 3314 ut
463 3267 497 3313 ri·
550 3267 696 3327 pensionem
708 3266 733 3313 in
746 3265 772 3313 id
783 3264 930 3321 indicerent,
943 3264 1058 3327 quando-

98 3348 125 3397 in
148 3344 222 3399 Hirr.
237 3344 315 3398 conc.
332 3344 497 3401 inierint.
551 3350 653 3412 quidem
666 3351 863 3412 Virgorocatnr
881 3345 1059 3398 irnnurculeto.

98 3430 235 3496 plerosque
252 3446 266 3478 e
292 3432 433 3481 tridentinis
450 3448 496 3496 pa·
584 3424 617 3498 (2)
630 3433 668 3482 Cl.
678 3434 773 3483 Suarez
783 3435 834 3482 loo.
847 3434 889 3481 cit.
900 3433 943 3496 qni
954 3446 1059 3487 genera-

95 3516 180 3592 tettsse
200 3530 246 3579 pro
264 3516 303 3578 pla
325 3518 449 3565 sententia
462 3514 494 3566 dc
547 3518 613 3565 libus
626 3517 655 3565 tls·
666 3519 806 3579 sententiin
818 3518 909 3579 qartbns
924 3525 949 3566 et
963 3519 990 3564 n.
1002 3517 1060 3565 vira

96 3595 152 3649 loto
173 3596 313 3666 Conopon
326 3600 411 3663 plures
422 3615 492 3663 prae·
545 3615 576 3663 go
595 3603 773 3664 comprehendi
796 3603 1059 3664 tirteumaceommo-

98 3691 204 3735 lassent
223 3686 381 3751 destituetur,
393 3689 494 3736 autsal-
546 3689 587 3737 dat
606 3689 718 3752 perbelle
745 3689 819 3737 rerba
840 3688 937 3750 Ulpiani
960 3688 984 3737 ln
1003 3689 1058 3748 lege

96 3774 199 3821 caretur
210 3771 233 3819 tn
243 3771 354 3820 decreto:
366 3768 491 3834 Quemvis
544 3769 672 3840 Princeps
682 3768 722 3822 De
732 3770 832 3838 legibus
843 3773 947 3821 dicentis
959 3787 965 3818 ε
978 3769 1058 3824 Prin-

96 3851 269 3922 interipsum
289 3853 347 3904 rinc
364 3854 494 3921 originali
544 3870 602 3923 ceps
621 3853 721 3922 legibus·
739 3853 858 3908 subditus
877 3869 929 3906 reon
947 3857 992 3906 est:
1009 3853 1060 3908 du-

96 3952 131 3990 rae
143 3943 299 4008 conceptam·
312 3942 396 4003 Quum
410 3947 491 3991 tamen
542 3943 624 4009 posto
642 3953 704 3992 vero
722 3939 782 3992 ticet
793 3940 828 3993 sit
847 3938 962 4005 subdita,
983 3937 1060 3991 Prin·

96 4039 123 4090 t,
144 4022 200 4072 aliis
219 4024 415 4089 obsistentihns‚
438 4025 493 4074 lieri
547 4037 605 4092 ceps
626 4027 714 4076 temen
741 4022 832 4076 eadem
853 4021 1000 4091 pravilegio
1019 4021 1061 4076 ott

100 4119 159 4172 ‚ea
176 4108 265 4158 saltem
287 4108 362 4158 rerba
381 4109 492 4171 apposita
545 4107 672 4177 conrodit,
690 4123 759 4178 poor
777 4107 833 4177 ipro
850 4105 936 4161 dubet.

96 4203 120 4242 re
129 4190 197 4242 hand
207 4191 314 4244 oboure
324 4189 428 4242 Consilii
437 4207 493 4257 pro·
917 4215 921 4222 ·
