2820 4890
376 307 563 379 -lbi-

55 421 235 524 tsesepistola
247 431 303 521 (l),
321 440 360 499 ut
373 431 579 520 impugnaret
600 429 689 517 quod
709 430 943 497 instituebatur
959 429 1004 497 sea

55 538 105 614 ‚iis
123 561 201 605 usus
224 537 342 605 inisset
364 536 582 624 argumentis,
605 557 690 625 quae
712 536 860 623 Virginei
886 537 1005 604 Conce-

55 639 185 731 inpetnnt
206 644 420 710 sanctitatem.
437 646 546 729 Atque
568 647 606 706 ut
629 647 737 708 catera
760 640 890 708 silentio
911 664 1004 730 prae-

55 762 78 829 tt,
90 768 253 834 numquam
268 747 392 813 romani
404 746 574 812 Pontifices
586 745 738 811 universo
749 745 1003 811 Franciseaiinm
1074 728 1238 853 abimelech

55 845 65 908 l
80 849 284 931 indulsissent,
302 859 339 916 ut
360 859 394 917 et
415 850 612 938 peculiarem
631 850 671 915 de
691 851 897 917 immaculata
923 847 1002 916 Cart·
1055 872 1238 924 remeantia-

55 969 78 1014 re
93 955 217 1021 Missam
239 955 395 1042 legerent,
412 961 444 1020 et
460 953 610 1020 Officium
626 974 685 1018 seu
712 953 882 1020 canonicas
905 953 1003 1020 bovas
1081 956 1139 992 ⁰⁰⁰¹
1157 956 1217 1006 ⁰¹⁸⁸

62 1060 191 1144 mysterii
224 1059 373 1146 proprias
395 1057 633 1146 persolverent3
649 1077 708 1122 nec
723 1058 847 1144 pariter
867 1058 1005 1144 integris
1066 1012 1228 1066 “mmm

68 1168 98 1223 ut
120 1163 255 1229 eundem
271 1163 372 1228 ritum
391 1183 433 1228 ex
451 1161 617 1250 pontificio
638 1158 766 1226 indulta
789 1168 1005 1249 sequerentur

55 1261 167 1347 sissent,
180 1269 243 1333 nisi
258 1290 318 1355 pro
337 1276 427 1333 certo
443 1266 633 1332 habuissent
647 1265 712 1333 tale
731 1266 870 1332 huiusce
895 1265 1006 1332 cultus

55 1363 180 1437 tectum
204 1370 257 1458 (2).
277 1371 371 1451 Quod
387 1360 618 1458 argumentum
633 1390 674 1435 ex
689 1390 729 1436 eo
750 1369 922 1459 privilegio
942 1390 1008 1435 ma-

59 1644 432 1711 ,ret'ragatoresimmuculatae
488 1647 598 1699 valitura
610 1644 799 1698 Constitutione
816 1645 958 1700 riatut’rttur
980 1650 1007 1701 ri

55 1723 78 1774 ts
106 1730 209 1784 sestam
221 1734 352 1785 celebrare
363 1747 430 1784 eon·
483 1729 656 1800 ordinamus,
673 1732 742 1797 quod
760 1745 848 1783 omnes
865 1737 892 1782 et
909 1732 1002 1797 singuli

55 1803 434 1886 iunctifiautr'oar'smtnotum
484 1815 666 1868 christifideles
685 1817 819 1882 uirtusque
839 1830 914 1869 sexus
933 1849 942 1884 ,
961 1817 1006 1883 qui

483 1901 1007 1968 atinametotttatumconeepttontaaiaa·

55 1987 129 2036 ¹⁸00
156 1968 235 2040 umal
258 1989 433 2040 invitatorium
484 1987 543 2039 dem
558 1985 670 2051 Virginis
687 1987 831 2054 gloriosae,
846 1987 1006 2055 iuxtapiam,

55 2072 116 2117 Ἠλὶ
142 2078 198 2123 est:
225 2069 431 2126 Immaculaiam
482 2073 602 2124 devotam
614 2077 640 2123 et
653 2071 805 2122 laudabilem
820 2071 1005 2122 ordinationem

55 2155 113 2203 'm
142 2153 260 2224 Virginis
270 2155 378 2210 Mariae
389 2170 432 2208 ce·
484 2157 570 2209 dilecti
581 2158 626 2209 tilii
639 2156 752 2220 magistri
765 2156 892 2207 Leonardi
907 2157 940 2206 de
951 2156 1006 2208 No-

55 2220 201 2294 ibriaram
210 2240 268 2293 eius
278 2253 432 2310 pracserva-
483 2240 577 2306 garelis
589 2241 676 2292 clerici
687 2240 836 2291 veronensis
844 2240 942 2291 Notarii
955 2253 1004 2292 no·

55 2323 158 2378 imas
171 2324 324 2381 Dominum.
344 2328 430 2378 versi-
484 2327 540 2395 stri,
551 2332 578 2378 et
590 2341 657 2391 quae
668 2327 778 2389 desuper
790 2338 806 2376 a
817 2325 892 2375 nobis
901 2338 1005 2376 emana-

57 2402 101 2452 2‘1
114 2407 284 2480 Magnifica:
297 2408 427 2464 Immaca-
482 2413 529 2477 vit,
541 2413 634 2465 Missae
643 2416 670 2463 et
683 2411 764 2462 Officii
777 2411 921 2461 huiusmodi
936 2411 1007 2461 insti-

55 2485 126 2547 iiit'o
137 2498 174 2546 est
186 2491 266 2546 dadis
277 2491 310 2559 Β.
319 2491 429 2548 Mariae
483 2497 617 2556 tutionem,
637 2496 664 2545 in
681 2494 723 2544 die
741 2491 886 2545 festivitatis
908 2491 1008 2544 Concu

58 2560 148 2630 cuius
159 2577 310 2632 innocentia
329 2577 429 2647 iaeipta
479 2582 572 2644 ptionis
584 2580 699 2631 eiusdem
715 2576 830 2643 Virginis
848 2579 956 2646 Mariae,
974 2584 1001 2630 et

55 2640 264 2716 iwuaaeaoras
274 2662 385 2716 artimus.
395 2664 427 2714 0·
480 2680 526 2730 per
540 2670 641 2717 octavas
654 2666 731 2733 eius,
749 2665 841 2716 devote
859 2665 1008 2715 celebrave-

55 2743 104 2791 itm
116 2744 139 2796 in
148 2747 237 2800 Officio
250 2753 277 2799 ei
294 2749 321 2800 in
338 2749 424 2801 Missa:
477 2751 540 2817 rint,
551 2757 578 2802 et
590 2751 709 2817 dixerint,
720 2754 766 2800 ant
783 2750 832 2800 iliis
843 2750 914 2801 horis
926 2763 1001 2800 cano

55 2818 321 2895 imtmmacatatam
337 2831 428 2901 Vt'rpi-
477 2837 541 2886 niuis
549 2835 714 2887 interfuerint
724 2867 734 2902 ,
746 2835 847 2901 quoties
860 2836 887 2886 ld
896 2834 1003 2887 iecerint

55 2910 163 2979 paam
177 2914 427 2984 causanctantae
478 2921 583 2971 eandem
593 2934 696 2985 prorsus
706 2920 897 2987 indulgentiam,
907 2925 933 2970 et
945 2934 1003 2984 pec-

55 2990 100 3051 lattr
110 3001 281 3070 praeparasti
302 3008 350 3058 etc.
368 3005 425 3054 Hoo
481 3005 1002 3071 catorumremisssionemconsequentur,

55 3080 159 3136 ieiunet
176 3087 240 3137 bano
254 3088 354 3138 Missam
369 3103 427 3140 con·
479 3104 555 3156 quam
575 3087 645 3140 iuxta
663 3088 708 3140 iel.
729 3090 831 3140 record.
853 3090 947 3139 Urbani
963 3091 1002 3140 tv

55 3171 217 3221 canardusde
229 3172 364 3235 Nagaroiis
380 3186 425 3224 no·
477 3174 503 3223 in
516 3173 630 3224 Concilio
649 3173 780 3223 viennensi
799 3173 959 3240 approbatas,
968 3187 999 3223 aa

59 3257 179 3308 amaretis
187 3257 307 3308 sixtilv.
317 3259 366 3307 liic
378 3273 424 3308 an·
475 3259 623 3310 MartiniV
649 3263 676 3308 et
705 3259 813 3308 aliorum
836 3271 1001 3309 romanorum

55 3342 96 3394 ilex
108 3347 163 3392 tum
180 3343 284 3394 Missam
297 3347 351 3392 turn
363 3343 425 3394 0111-
479 3343 632 3393 Pontificum
652 3343 881 3394 praedecessorum
902 3347 1005 3394 nostro·

55 3428 304 3494 avit,praecepttqoe
313 3433 341 3477 ut
350 3428 381 3477 ab
394 3442 426 3477 u·
478 3442 536 3479 rum
546 3426 930 3494 Constitutiones,conseruntur
943 3429 1002 3495 illis,

55 3526 96 3567 ero
107 3513 291 3576 reciperentur,
297 3512 427 3573 indulgen·
479 3512 522 3575 qui
535 3513 639 3563 Missam
651 3517 676 3562 et
688 3513 763 3562 boras
776 3513 909 3563 canonicas
921 3512 947 3561 in
959 3511 1000 3562 te-

55 3595 102 3650 rvit
110 3594 291 3646 cbristitideles
301 3627 309 3661 ,
321 3596 365 3659 qui
377 3597 426 3646 illis
479 3602 520 3646 sto
531 3595 650 3659 Corporis
659 3601 686 3646 et
694 3597 827 3660 Sanguinis
836 3597 938 3647 Domini
948 3609 998 3647 no·

55 3688 60 3736 t
80 3681 108 3733 iu
132 3679 238 3750 Constit.
259 3676 326 3732 Cum
345 3677 428 3732 Prae·
479 3682 524 3731 stri
536 3681 595 3731 lesu
607 3682 726 3733 Christis
743 3682 829 3747 primis
841 3681 953 3745 vesperis
971 3684 1001 3732 et

60 3779 103 3817 an.
114 3757 184 3835 stip
193 3766 267 3816 cuius
276 3766 353 3816 verba
365 3766 429 3838 bueo
480 3779 525 3831 per
536 3766 603 3816 itlius
612 3771 726 3835 octavas,
737 3769 807 3817 iuxta
819 3780 939 3817 romanae
947 3767 999 3817 Ec·

55 3848 99 3901 lao
122 3845 199 3911 igitur
225 3847 428 3899 consideratione
480 3848 571 3900 clasiae
582 3849 791 3901 constitutionem
807 3850 946 3915 celebrant,
958 3850 1001 3899 di-

55 3931 165 3986 eiasdem
175 3932 366 3996 'omnipotentis
379 3932 425 3983 Dei
477 3938 550 3999 cunt,
559 3939 603 3983 aut
612 3933 715 4001 Missae,
724 3934 822 4002 Officio,
831 3938 857 3984 et
865 3934 934 3984 boris
946 3935 996 3983 hu·

55 4015 89 4067 tri
104 4020 132 4066 et
148 4014 229 4067 Pauli
242 4012 425 4079 Apostolorum
479 4016 586 4066 iusmodi
599 4017 735 4084 intersunt,
743 4018 926 4084 praesentibus,
935 4031 995 4081 per-

55 4099 141 4153 >riute
176 4099 287 4167 canisi,
312 4102 425 4151 auctori·
476 4101 559 4165 petuis
567 4101 994 4169 temporibusvalituriaetapripud

55 4183 136 4252 oiim,
158 4183 207 4236 itae
227 4185 253 4236 iu
273 4190 424 4251 perpetuam
476 4185 636 4239 liarduinum
647 4184 715 4240 Actu
727 4182 861 4240 concilior·
880 4192 944 4238 tom.
959 4188 996 4244 ix
