2828 4904
92 494 235 547 mabillonii
374 463 643 564 Perperam‘vero
670 478 709 555 cl.
739 478 947 545 Mabillonius
972 478 981 566 l
1002 482 1146 566 quamvis
1177 479 1364 566 profiteatur

65 566 226 687 ξὲᾝῗὲῗ
286 591 391 669 neque
414 584 556 669 antiquis
580 582 659 648 velle
675 604 709 648 se
733 582 891 669 refragari
912 584 1293 670 nequc'reccntioribus‚
1310 585 1364 669 qui

288 687 386 755 verba
410 707 435 750 s.
460 687 618 752 Bernardi
635 708 728 751 secus
745 685 925 773 explanant)
947 686 1013 751 duo
1036 689 1160 774 oggerit
1183 688 1364 774 exquibus

289 790 411 875 colligit
429 812 454 853 s.
474 788 674 854 Bernardum
699 788 882 854 nullatcnus
898 812 957 877 pro
972 793 1025 876 pia
1049 792 1175 855 stetisse
1199 792 1365 855 sententia.

289 897 405 971 Unum,
423 892 510 980 quod
527 895 564 957 B.
577 894 722 979 Virginis
740 893 772 956 in
789 901 884 957 utero
900 894 1069 959 conclusae
1087 893 1368 959 sanctificationem

288 999 478 1085 aequiparet
495 996 739 1066 sanctificationi
757 1019 820 1083 qua
836 1006 869 1061 et
884 998 1062 1062 Hieremias
1078 1007 1110 1062 et
1121 1019 1146 1062 s.
1161 999 1297 1062 loannes
1314 999 1369 1061 Ba·

289 1103 387 1191 ptista
411 1102 443 1165 in
469 1108 637 1186 pareutum
666 1108 759 1163 utero
787 1100 976 1165 sanctificati
996 1099 1081 1179 sunt,
1095 1102 1123 1165 si
1137 1109 1241 1165 tamen
1256 1101 1368 1164 sancti·

289 1206 365 1271 tatis
382 1203 516 1290 gradum
533 1202 687 1289 excipias.
702 1205 767 1268 llos
779 1225 875 1290 porro
892 1203 963 1269 labe
975 1204 1109 1290 originis
1121 1202 1223 1268 luisse
1239 1204 1366 1269 vitiatos

291 1307 587 1396 exploratissimum
610 1314 668 1370 est.
694 1307 857 1385 Alterum,
882 1308 968 1393 quod
993 1316 1102 1394 aperte
1129 1307 1306 1398 concedere
1328 1307 1370 1372 vi-

247 1464 251 1471 r
293 1413 408 1478 deatur
424 1411 458 1474 iu
476 1409 574 1474 Serm.
592 1409 613 1474 2
637 1415 670 1476 ira
690 1411 943 1498 diremptionem,
958 1413 994 1474 B.
1011 1411 1178 1497 Virginem
1198 1433 1216 1475 a
1232 1410 1370 1498 parenti-

293 1518 355 1582 bus
372 1513 556 1599 arr'piaalrm
571 1513 727 1578 maculam
744 1519 887 1579 traxisse.
904 1516 1088 1600 Perperam‚
1101 1515 1244 1601 inquam,
1262 1508 1340 1578 haec
1355 1535 1380 1588 a¹

293 1617 482 1686 Mabillonio
499 1624 709 1702 aggeruntur.
725 1616 782 1680 llla
799 1617 884 1680 enim
900 1617 1123 1703 aequiparatio
1139 1617 1179 1681 ad
1194 1637 1293 1682 uuam
1307 1638 1373 1682 sau-

294 1721 521 1794 ctiticationem
537 1708 748 1807 personarum
764 1719 797 1783 in
815 1728 908 1783 utero
932 1719 1142 1798 inclusarum,
1159 1719 1198 1784 de
1221 1740 1289 1806 qua
1313 1718 1382 1789 diss

296 1824 386 1901 serit,
401 1821 554 1898 retertur,
567 1843 631 1886 non
647 1828 755 1885 autem
768 1822 834 1886 sive
851 1821 892 1885 ad
907 1820 1047 1898 modum,
1062 1823 1128 1888 sive
1142 1821 1180 1887 ad
1198 1829 1326 1908 tempus
1336 1818 1387 1909 (l)

294 1927 384 1992 illius
409 1924 671 1990 sanctificationis
687 1923 923 2010 indigitandum
943 1925 1157 2010 protenditur.
1175 1924 1278 1990 Secus
1294 1925 1375 1989 euim

296 2030 370 2096 inde
401 2035 604 2115 sequeretur,
631 2029 760 2092 Beatam
790 2028 957 2113 Virginem
989 2027 1186 2093 solummodo
1216 2018 1291 2114 post
1324 2049 1375 2092 sex

295 2154 420 2198 menses
436 2139 493 2196 aut
505 2132 602 2217 paulo
612 2141 686 2196 ante
703 2131 903 2196 nativitatem
916 2128 1017 2196 fuisse
1034 2130 1276 2210 sanctiticatam,
1292 2129 1372 2218 quod

296 2259 388 2302 nemo
411 2235 549 2300 dixerit⁸⁴
565 2235 602 2298 ln
626 2255 721 2300 serm.
744 2243 852 2300 autem
875 2235 950 2299 brie
969 2235 1123 2323 Assumpt.
1149 2256 1174 2298 s.
1192 2235 1369 2319 Bernardut

297 2338 547 2426 haudquaquam
565 2337 722 2417 absolute,
740 2338 797 2403 sed
819 2339 1018 2425 hypothetice,
1039 2347 1077 2404 ut
1094 2339 1205 2416 aiunt,
1231 2337 1373 2426 loquitur

296 2443 417 2510 dicens:
442 2443 528 2508 Absit
542 2449 633 2521 caria,
646 2455 682 2508 rat
693 2448 820 2529 proprii
841 2443 1010 2529 quidquam
1029 2447 1259 2533 inquinamenti
1272 2444 1372 2508 domur

297 2548 371 2614 baec
395 2545 499 2635 (beata
513 2542 623 2632 Virgo)
648 2547 818 2633 aliquando
836 2547 974 2611 babuisse
991 2548 1129 2624 dicator,
1149 2558 1185 2611 at
1204 2551 1241 2611 r'rr
1258 2570 1296 2612 aa
1310 2569 1375 2635 pro·

297 2653 368 2719 iride
390 2648 494 2738 scopa'
507 2650 627 2714 Lazari
642 2660 854 2737 quaereretur.
877 2648 969 2725 Quod
989 2655 1021 2714 si
1038 2651 1222 2734 originalem
1237 2673 1259 2715 a
1266 2672 1374 2737 parea·
1405 2654 1409 2671 ¹

298 2756 379 2822 idas
401 2756 560 2819 mactatam
583 2758 683 2818 traxit
692 2775 707 2827 ;
731 2754 783 2817 sed
808 2759 909 2819 minas
932 2777 952 2818 a
974 2753 1132 2819 Hieremia
1154 2758 1372 2843 sanctificatam

291 2864 325 2924 ira
339 2869 427 2923 atero
445 2868 502 2921 aut
516 2879 580 2922 aaa
594 2860 692 2941 mapis
708 2879 728 2920 a
746 2856 863 2921 Ioanne
879 2855 1124 2943 SpiritaScncto
1142 2858 1307 2944 repletam,
1319 2877 1372 2921 cre·

299 2964 368 3026 dere
383 2946 647 3047 'probibetpr'etcs
670 2958 841 3024 christiana
873 2959 941 3040 (2).Δ
969 2960 1105 3025 Perinde
1129 2980 1166 3023 ac
1190 2959 1219 3024 si
1242 2958 1370 3052 diperet:

299 3064 427 3128 etiamsi
458 3060 567 3126 darem
591 3064 627 3125 B.
651 3062 819 3148 Virginem
843 3085 860 3127 a
889 3063 1077 3149 parentibus
1107 3061 1300 3148 originalem
1321 3081 1371 3125 ma-

301 3167 407 3232 culam
429 3167 578 3244 traxisse,
603 3165 643 3230 ab
666 3188 703 3230 ea
722 3165 929 3231 nihilominus
953 3167 1106 3231 mundata
1128 3188 1165 3230 ac
1186 3165 1370 3231 sanctificata

300 3277 360 3346 cst,
385 3276 482 3354 prout
502 3269 680 3333 Hieremias
697 3291 733 3332 ac
750 3254 883 3332 loannes
904 3270 943 3333 ab
961 3270 1070 3333 eadem
1086 3268 1233 3333 mundati
1257 3292 1295 3334 ao
1314 3288 1369 3333 san·

300 3371 432 3437 ctificati
456 3370 557 3436 luere.
583 3374 670 3451 Quin
693 3374 801 3459 potius
825 3397 865 3438 ex
894 3373 1051 3437 eiusmodi
1079 3373 1233 3460 loquendi
1260 3375 1368 3438 ratione

300 3475 429 3542 videtur
453 3485 598 3541 constare
614 3476 823 3555 luculentius,
843 3501 867 3541 s.
883 3481 1052 3542 Doctorem
1068 3477 1102 3541 in
1125 3476 1247 3542 celebri
1270 3470 1369 3543 illaad

299 3577 515 3665 lugdunenses
549 3580 718 3645 canonicos
734 3581 869 3666 epistola
889 3580 927 3645 de
952 3580 1018 3644 sola
1041 3586 1146 3645 activa
1176 3579 1369 3667 conceptione

301 3702 478 3746 sermonem
492 3682 668 3748 habuisse:
692 3683 884 3770 alioquinin
901 3685 960 3748 hoo
985 3683 1135 3748 Sermone
1158 3684 1291 3748 minime
1313 3680 1369 3770 qui·

301 3783 374 3849 dem
396 3781 464 3848 iere
481 3806 539 3870 per
562 3784 797 3850 dubitationem
813 3789 850 3851 B.
875 3783 1083 3872 Virginem'a
1104 3786 1297 3872 parentibus
1320 3804 1370 3850 ma·

291 3888 407 3980 'culam
423 3887 612 3973 originalem
627 3890 766 3955 traxisse
786 3889 919 3969 diceret,
937 3889 992 3955 sed
1008 3890 1058 3953 uti
1075 3896 1182 3954 ratum
1206 3889 1240 3956 id
1256 3890 1371 3957 habuis·

341 4064 375 4134 (ij
387 4068 416 4117 ln
425 4068 498 4130 epist.
511 4069 554 4118 cit.
565 4083 589 4118 n.
602 4064 627 4120 3.
638 4074 663 4118 et
673 4063 699 4116 4.
712 4071 754 4118 ubi
767 4072 818 4133 agit
872 4070 1041 4121 sanctificatus
1051 4070 1137 4120 luerit.

306 4151 416 4201 detesto
436 4154 583 4214 praesertim
598 4154 735 4203 nativitatis
748 4169 769 4203 s.
778 4156 815 4203 lo.
905 4148 939 4223 [2]
952 4156 1034 4207 Serru.
1048 4157 1091 4205 cit.
1104 4170 1129 4204 n,
1143 4151 1169 4205 ii.

308 4235 446 4302 baptistae,
468 4250 499 4288 eo
520 4238 589 4300 quod
610 4238 635 4289 iu
654 4242 728 4288 utero
749 4239 818 4301 prius
944 4237 946 4241 ’
