<?xml version="1.0" encoding="UTF-8"?>
<!DOCTYPE html PUBLIC "-//W3C//DTD XHTML 1.0 Transitional//EN"
    "http://www.w3.org/TR/xhtml1/DTD/xhtml1-transitional.dtd">
<html xmlns="http://www.w3.org/1999/xhtml" xml:lang="en" lang="en">
 <head>
  <title>
</title>
<meta http-equiv="Content-Type" content="text/html;charset=utf-8" />
  <meta name='ocr-system' content='tesseract 3.04.00' />
  <meta name='ocr-capabilities' content='ocr_page ocr_carea ocr_par ocr_line ocrx_word'/>
</head>
<body>
  <div class='ocr_page' id='page_1' title='image "./deimmaculatobvm00perrgoog_0235.png"; bbox 0 0 2828 4904; ppageno 0'>
   <div class='ocr_carea' id='block_1_1' title="bbox 69 2450 248 2926">
    <p class='ocr_par' dir='ltr' id='par_1_1' title="bbox 86 2450 245 2515">
     <span class='ocr_line' id='line_1_1' title="bbox 86 2450 245 2515; baseline -0.006 -14"><span class='ocrx_word' id='word_1_1' title='bbox 86 2450 154 2515; x_wconf 80' lang='lat' dir='ltr'><em>Quid</em></span> <span class='ocrx_word' id='word_1_2' title='bbox 162 2464 193 2500; x_wconf 84' lang='lat' dir='ltr'><em>ex</em></span> <span class='ocrx_word' id='word_1_3' title='bbox 207 2453 245 2500; x_wconf 88' lang='lat' dir='ltr'><em>tot</em></span> 
     </span>
    </p>

    <p class='ocr_par' dir='ltr' id='par_1_2' title="bbox 84 2523 228 2574">
     <span class='ocr_line' id='line_1_2' title="bbox 84 2523 228 2574; baseline -0.007 -1"><span class='ocrx_word' id='word_1_4' title='bbox 84 2523 190 2574; x_wconf 75' lang='lat' dir='ltr'><em>Petrum</em></span> <span class='ocrx_word' id='word_1_5' title='bbox 202 2527 228 2572; x_wconf 89' lang='lat' dir='ltr'><em>et</em></span> 
     </span>
    </p>

    <p class='ocr_par' dir='ltr' id='par_1_3' title="bbox 69 2595 247 2658">
     <span class='ocr_line' id='line_1_3' title="bbox 69 2595 247 2658; baseline -0.011 -14"><span class='ocrx_word' id='word_1_6' title='bbox 69 2595 186 2658; x_wconf 73' lang='lat' dir='ltr'><strong>scriptor.</strong></span> <span class='ocrx_word' id='word_1_7' title='bbox 203 2607 247 2643; x_wconf 86' lang='lat' dir='ltr'><em>ec·</em></span> 
     </span>
    </p>

    <p class='ocr_par' dir='ltr' id='par_1_4' title="bbox 70 2665 248 2714">
     <span class='ocr_line' id='line_1_4' title="bbox 70 2665 248 2714; baseline 0.011 -2"><span class='ocrx_word' id='word_1_8' title='bbox 70 2665 248 2714; x_wconf 70' lang='lat' dir='ltr'><em>otratestimo·</em></span> 
     </span>
    </p>

    <p class='ocr_par' dir='ltr' id='par_1_5' title="bbox 80 2735 236 2799">
     <span class='ocr_line' id='line_1_5' title="bbox 80 2735 236 2799; baseline 0.013 -17"><span class='ocrx_word' id='word_1_9' title='bbox 80 2735 128 2785; x_wconf 84' lang='lat' dir='ltr'><em>niis</em></span> <span class='ocrx_word' id='word_1_10' title='bbox 144 2750 236 2799; x_wconf 84' lang='lat' dir='ltr'><em>sequa·</em></span> 
     </span>
    </p>

    <p class='ocr_par' dir='ltr' id='par_1_6' title="bbox 71 2806 242 2926">
     <span class='ocr_line' id='line_1_6' title="bbox 71 2806 242 2873; baseline 0 -19"><span class='ocrx_word' id='word_1_11' title='bbox 71 2809 127 2873; x_wconf 78' lang='lat' dir='ltr'><em>tur,</em></span> <span class='ocrx_word' id='word_1_12' title='bbox 145 2806 242 2868; x_wconf 74' lang='lat' dir='ltr'><em>colligi·</em></span> 
     </span>
     <span class='ocr_line' id='line_1_7' title="bbox 137 2882 180 2926; baseline -0.047 0"><span class='ocrx_word' id='word_1_13' title='bbox 137 2882 180 2926; x_wconf 85' lang='lat' dir='ltr'><em>tur</em></span> 
     </span>
    </p>
   </div>
   <div class='ocr_carea' id='block_1_2' title="bbox 743 303 931 373">
    <p class='ocr_par' dir='ltr' id='par_1_7' title="bbox 743 303 931 373">
     <span class='ocr_line' id='line_1_8' title="bbox 743 303 931 373; baseline 0.005 -1"><span class='ocrx_word' id='word_1_14' title='bbox 743 303 931 373; x_wconf 79' lang='lat'>-218-</span> 
     </span>
    </p>
   </div>
   <div class='ocr_carea' id='block_1_3' title="bbox 289 422 1379 1361">
    <p class='ocr_par' dir='ltr' id='par_1_8' title="bbox 289 422 1379 1361">
     <span class='ocr_line' id='line_1_9' title="bbox 290 422 1370 516; baseline 0.019 -32"><span class='ocrx_word' id='word_1_15' title='bbox 290 439 383 507; x_wconf 83' lang='lat' dir='ltr'><em>super</em></span> <span class='ocrx_word' id='word_1_16' title='bbox 405 428 470 486; x_wconf 90' lang='lat' dir='ltr'><em>tam</em></span> <span class='ocrx_word' id='word_1_17' title='bbox 491 424 640 504; x_wconf 80' lang='lat' dir='ltr'><em>insipnem</em></span> <span class='ocrx_word' id='word_1_18' title='bbox 672 422 830 492; x_wconf 70' lang='lat' dir='ltr'><em>sobolem?</em></span> <span class='ocrx_word' id='word_1_19' title='bbox 856 427 1018 516; x_wconf 78' lang='lat' dir='ltr'><strong><em>Numquid</em></strong></span> <span class='ocrx_word' id='word_1_20' title='bbox 1043 429 1179 516; x_wconf 67' lang='lat' dir='ltr'><em>abluime</em></span> <span class='ocrx_word' id='word_1_21' title='bbox 1210 435 1370 503; x_wconf 74' lang='lat' dir='ltr'><em>medendus</em></span> 
     </span>
     <span class='ocr_line' id='line_1_10' title="bbox 292 525 1370 623; baseline 0.013 -33"><span class='ocrx_word' id='word_1_22' title='bbox 292 537 337 591; x_wconf 87' lang='lat' dir='ltr'><em>est</em></span> <span class='ocrx_word' id='word_1_23' title='bbox 351 525 491 614; x_wconf 85' lang='lat' dir='ltr'><em>Spiritus</em></span> <span class='ocrx_word' id='word_1_24' title='bbox 513 527 649 595; x_wconf 88' lang='lat' dir='ltr'><em>Sanctus</em></span> <span class='ocrx_word' id='word_1_25' title='bbox 672 530 710 596; x_wconf 84' lang='lat' dir='ltr'><em>ab</em></span> <span class='ocrx_word' id='word_1_26' title='bbox 727 536 788 598; x_wconf 84' lang='lat' dir='ltr'><em>ista</em></span> <span class='ocrx_word' id='word_1_27' title='bbox 809 537 922 598; x_wconf 81' lang='lat' dir='ltr'><em>ealmia</em></span> <span class='ocrx_word' id='word_1_28' title='bbox 935 536 1059 620; x_wconf 86' lang='lat' dir='ltr'><em>puella,</em></span> <span class='ocrx_word' id='word_1_29' title='bbox 1082 560 1180 623; x_wconf 86' lang='lat' dir='ltr'><em>quam</em></span> <span class='ocrx_word' id='word_1_30' title='bbox 1196 560 1259 603; x_wconf 90' lang='lat' dir='ltr'><em>sua</em></span> <span class='ocrx_word' id='word_1_31' title='bbox 1276 540 1370 605; x_wconf 82' lang='lat' dir='ltr'><em>olum-</em></span> 
     </span>
     <span class='ocr_line' id='line_1_11' title="bbox 289 629 1373 722; baseline 0.008 -23"><span class='ocrx_word' id='word_1_32' title='bbox 289 629 383 699; x_wconf 81' lang='lat' dir='ltr'><em>brare</em></span> <span class='ocrx_word' id='word_1_33' title='bbox 412 631 590 719; x_wconf 74' lang='lat' dir='ltr'><em>disponebat</em></span> <span class='ocrx_word' id='word_1_34' title='bbox 621 631 767 702; x_wconf 77' lang='lat' dir='ltr'><em>uirtute?</em></span> <span class='ocrx_word' id='word_1_35' title='bbox 785 685 835 702; x_wconf 86' lang='lat'><em>...</em></span> <span class='ocrx_word' id='word_1_36' title='bbox 851 686 858 702; x_wconf 92' lang='lat'><strong>.</strong></span> <span class='ocrx_word' id='word_1_37' title='bbox 876 638 1021 718; x_wconf 78' lang='lat' dir='ltr'><em>Laetare,</em></span> <span class='ocrx_word' id='word_1_38' title='bbox 1041 640 1090 705; x_wconf 84' lang='lat' dir='ltr'><em>Tu</em></span> <span class='ocrx_word' id='word_1_39' title='bbox 1102 642 1218 707; x_wconf 86' lang='lat' dir='ltr'><em>Mater</em></span> <span class='ocrx_word' id='word_1_40' title='bbox 1233 650 1373 722; x_wconf 88' lang='lat' dir='ltr'><em>omnium,</em></span> 
     </span>
     <span class='ocr_line' id='line_1_12' title="bbox 289 738 1375 830; baseline 0.01 -28"><span class='ocrx_word' id='word_1_41' title='bbox 289 757 353 802; x_wconf 84' lang='lat' dir='ltr'><em>non</em></span> <span class='ocrx_word' id='word_1_42' title='bbox 379 738 493 816; x_wconf 88' lang='lat' dir='ltr'><em>solum,</em></span> <span class='ocrx_word' id='word_1_43' title='bbox 507 744 583 826; x_wconf 85' lang='lat' dir='ltr'><em>quia</em></span> <span class='ocrx_word' id='word_1_44' title='bbox 610 745 747 806; x_wconf 72' lang='lat' dir='ltr'><em>evertisti</em></span> <span class='ocrx_word' id='word_1_45' title='bbox 763 748 1002 830; x_wconf 74' lang='lat' dir='ltr'><em>proscriptionis</em></span> <span class='ocrx_word' id='word_1_46' title='bbox 1017 745 1194 820; x_wconf 65' lang='lat' dir='ltr'><em>excidium</em></span> <span class='ocrx_word' id='word_1_47' title='bbox 1215 748 1272 810; x_wconf 90' lang='lat' dir='ltr'><em>sed</em></span> <span class='ocrx_word' id='word_1_48' title='bbox 1291 753 1375 813; x_wconf 78' lang='lat' dir='ltr'><em>ettam</em></span> 
     </span>
     <span class='ocr_line' id='line_1_13' title="bbox 291 843 1378 939; baseline 0.007 -29"><span class='ocrx_word' id='word_1_49' title='bbox 291 845 367 928; x_wconf 80' lang='lat' dir='ltr'><em>quio</em></span> <span class='ocrx_word' id='word_1_50' title='bbox 389 843 425 908; x_wconf 88' lang='lat' dir='ltr'><em>ds</em></span> <span class='ocrx_word' id='word_1_51' title='bbox 440 856 497 911; x_wconf 89' lang='lat' dir='ltr'><em>tua</em></span> <span class='ocrx_word' id='word_1_52' title='bbox 521 847 674 911; x_wconf 75' lang='lat' dir='ltr'><em>consimili</em></span> <span class='ocrx_word' id='word_1_53' title='bbox 688 849 781 935; x_wconf 89' lang='lat' dir='ltr'><em>prole</em></span> <span class='ocrx_word' id='word_1_54' title='bbox 798 849 973 935; x_wconf 74' lang='lat' dir='ltr'><em>profudisti</em></span> <span class='ocrx_word' id='word_1_55' title='bbox 994 850 1077 915; x_wconf 87' lang='lat' dir='ltr'><em>Eum</em></span> <span class='ocrx_word' id='word_1_56' title='bbox 1095 856 1131 916; x_wconf 90' lang='lat' dir='ltr'><em>in</em></span> <span class='ocrx_word' id='word_1_57' title='bbox 1150 851 1307 930; x_wconf 87' lang='lat' dir='ltr'><em>seculum,</em></span> <span class='ocrx_word' id='word_1_58' title='bbox 1330 857 1378 939; x_wconf 78' lang='lat' dir='ltr'><em>psi</em></span> 
     </span>
     <span class='ocr_line' id='line_1_14' title="bbox 291 957 1379 1044; baseline 0.004 -26"><span class='ocrx_word' id='word_1_59' title='bbox 291 965 321 1018; x_wconf 85' lang='lat' dir='ltr'><em>te</em></span> <span class='ocrx_word' id='word_1_60' title='bbox 357 965 517 1042; x_wconf 78' lang='lat' dir='ltr'><em>tamquam</em></span> <span class='ocrx_word' id='word_1_61' title='bbox 540 963 721 1041; x_wconf 83' lang='lat' dir='ltr'><em>propeniem</em></span> <span class='ocrx_word' id='word_1_62' title='bbox 754 961 862 1022; x_wconf 89' lang='lat' dir='ltr'><em>martis</em></span> <span class='ocrx_word' id='word_1_63' title='bbox 893 957 928 1022; x_wconf 92' lang='lat' dir='ltr'><em>de</em></span> <span class='ocrx_word' id='word_1_64' title='bbox 958 958 1097 1044; x_wconf 89' lang='lat' dir='ltr'><em>compede</em></span> <span class='ocrx_word' id='word_1_65' title='bbox 1138 959 1379 1022; x_wconf 75' lang='lat' dir='ltr'><em>misericorditer</em></span> 
     </span>
     <span class='ocr_line' id='line_1_15' title="bbox 291 1058 1377 1150; baseline -0.003 -22"><span class='ocrx_word' id='word_1_66' title='bbox 291 1065 375 1128; x_wconf 85' lang='lat' dir='ltr'><em>eruit</em></span> <span class='ocrx_word' id='word_1_67' title='bbox 389 1058 443 1150; x_wconf 78' lang='lat' dir='ltr'><em>(i)</em></span> <span class='ocrx_word' id='word_1_68' title='bbox 461 1061 632 1126; x_wconf 79' lang='lat' dir='ltr'><em>Rationem</em></span> <span class='ocrx_word' id='word_1_69' title='bbox 655 1084 732 1128; x_wconf 80' lang='lat' dir='ltr'><em>sero</em></span> <span class='ocrx_word' id='word_1_70' title='bbox 758 1060 866 1126; x_wconf 86' lang='lat' dir='ltr'><em>reddit</em></span> <span class='ocrx_word' id='word_1_71' title='bbox 888 1059 928 1125; x_wconf 88' lang='lat' dir='ltr'><em>de</em></span> <span class='ocrx_word' id='word_1_72' title='bbox 951 1060 1116 1148; x_wconf 82' lang='lat' dir='ltr'><em>prudenti,</em></span> <span class='ocrx_word' id='word_1_73' title='bbox 1134 1083 1207 1148; x_wconf 88' lang='lat' dir='ltr'><em>qua</em></span> <span class='ocrx_word' id='word_1_74' title='bbox 1232 1061 1289 1125; x_wconf 90' lang='lat' dir='ltr'><em>usi</em></span> <span class='ocrx_word' id='word_1_75' title='bbox 1313 1070 1377 1125; x_wconf 87' lang='lat' dir='ltr'><em>sunt</em></span> 
     </span>
     <span class='ocr_line' id='line_1_16' title="bbox 292 1163 1376 1252; baseline 0.001 -25"><span class='ocrx_word' id='word_1_76' title='bbox 292 1164 442 1230; x_wconf 77' lang='lat' dir='ltr'><em>cautione</em></span> <span class='ocrx_word' id='word_1_77' title='bbox 466 1174 591 1232; x_wconf 84' lang='lat' dir='ltr'><em>veteres</em></span> <span class='ocrx_word' id='word_1_78' title='bbox 619 1169 731 1233; x_wconf 87' lang='lat' dir='ltr'><em>Patres</em></span> <span class='ocrx_word' id='word_1_79' title='bbox 754 1188 829 1233; x_wconf 90' lang='lat' dir='ltr'><em>cum</em></span> <span class='ocrx_word' id='word_1_80' title='bbox 848 1165 887 1230; x_wconf 90' lang='lat' dir='ltr'><em>de</em></span> <span class='ocrx_word' id='word_1_81' title='bbox 913 1164 1038 1230; x_wconf 87' lang='lat' dir='ltr'><em>Mariae</em></span> <span class='ocrx_word' id='word_1_82' title='bbox 1061 1164 1261 1252; x_wconf 85' lang='lat' dir='ltr'><em>primordiis</em></span> <span class='ocrx_word' id='word_1_83' title='bbox 1292 1163 1376 1229; x_wconf 87' lang='lat' dir='ltr'><em>disse·</em></span> 
     </span>
     <span class='ocr_line' id='line_1_17' title="bbox 291 1258 1371 1361; baseline 0.002 -27"><span class='ocrx_word' id='word_1_84' title='bbox 291 1278 412 1352; x_wconf 71' lang='lat' dir='ltr'><em>terent,</em></span> <span class='ocrx_word' id='word_1_85' title='bbox 436 1258 600 1360; x_wconf 85' lang='lat' dir='ltr'><em>inquiens:</em></span> <span class='ocrx_word' id='word_1_86' title='bbox 623 1273 707 1341; x_wconf 86' lang='lat' dir='ltr'><em>Sane</em></span> <span class='ocrx_word' id='word_1_87' title='bbox 725 1280 754 1339; x_wconf 87' lang='lat' dir='ltr'><em>si</em></span> <span class='ocrx_word' id='word_1_88' title='bbox 778 1278 834 1361; x_wconf 86' lang='lat' dir='ltr'><em>qui</em></span> <span class='ocrx_word' id='word_1_89' title='bbox 851 1274 985 1337; x_wconf 87' lang='lat' dir='ltr'><em>sollicita</em></span> <span class='ocrx_word' id='word_1_90' title='bbox 1009 1283 1106 1337; x_wconf 92' lang='lat' dir='ltr'><em>mente</em></span> <span class='ocrx_word' id='word_1_91' title='bbox 1128 1282 1157 1336; x_wconf 90' lang='lat' dir='ltr'><em>et</em></span> <span class='ocrx_word' id='word_1_92' title='bbox 1180 1272 1371 1336; x_wconf 70' lang='lat' dir='ltr'><em>studiosam·</em></span> 
     </span>
    </p>
   </div>
   <div class='ocr_carea' id='block_1_4' title="bbox 287 1370 1412 1468">
    <p class='ocr_par' dir='ltr' id='par_1_9' title="bbox 287 1370 1412 1468">
     <span class='ocr_line' id='line_1_18' title="bbox 287 1370 1412 1468; baseline -0.004 -24"><span class='ocrx_word' id='word_1_93' title='bbox 287 1370 493 1464; x_wconf 51' lang='lat' dir='ltr'><em>¹aestipatione</em></span> <span class='ocrx_word' id='word_1_94' title='bbox 514 1386 722 1468; x_wconf 87' lang='lat' dir='ltr'><em>perquirant,</em></span> <span class='ocrx_word' id='word_1_95' title='bbox 746 1402 806 1445; x_wconf 90' lang='lat' dir='ltr'><em>cur</em></span> <span class='ocrx_word' id='word_1_96' title='bbox 831 1378 1019 1443; x_wconf 86' lang='lat' dir='ltr'><em>Sanctorum</em></span> <span class='ocrx_word' id='word_1_97' title='bbox 1037 1378 1307 1464; x_wconf 87' lang='lat' dir='ltr'><em>praecedentium</em></span> <span class='ocrx_word' id='word_1_98' title='bbox 1330 1396 1370 1440; x_wconf 86' lang='lat' dir='ltr'><em>nt·</em></span> <span class='ocrx_word' id='word_1_99' title='bbox 1410 1421 1412 1455; x_wconf 92' lang='lat'>:</span> 
     </span>
    </p>
   </div>
   <div class='ocr_carea' id='block_1_5' title="bbox 292 1479 1412 3555">
    <p class='ocr_par' dir='ltr' id='par_1_10' title="bbox 292 1479 1412 3555">
     <span class='ocr_line' id='line_1_19' title="bbox 292 1479 1412 1570; baseline -0.002 -25"><span class='ocrx_word' id='word_1_100' title='bbox 292 1487 411 1546; x_wconf 76' lang='lat' dir='ltr'><em>euriae</em></span> <span class='ocrx_word' id='word_1_101' title='bbox 427 1481 520 1549; x_wconf 83' lang='lat' dir='ltr'><em>buius</em></span> <span class='ocrx_word' id='word_1_102' title='bbox 532 1484 697 1570; x_wconf 72' lang='lat' dir='ltr'><em>praefatae</em></span> <span class='ocrx_word' id='word_1_103' title='bbox 728 1485 861 1567; x_wconf 86' lang='lat' dir='ltr'><em>Virpinis</em></span> <span class='ocrx_word' id='word_1_104' title='bbox 877 1494 1074 1568; x_wconf 90' lang='lat' dir='ltr'><em>temporaneo</em></span> <span class='ocrx_word' id='word_1_105' title='bbox 1093 1484 1194 1544; x_wconf 89' lang='lat' dir='ltr'><em>initia</em></span> <span class='ocrx_word' id='word_1_106' title='bbox 1212 1485 1281 1544; x_wconf 77' lang='lat' dir='ltr'><em>sues</em></span> <span class='ocrx_word' id='word_1_107' title='bbox 1296 1479 1375 1567; x_wconf 76' lang='lat' dir='ltr'><em>fideli-</em></span> <span class='ocrx_word' id='word_1_108' title='bbox 1407 1523 1412 1553; x_wconf 51' lang='lat'><em>-‚</em></span> 
     </span>
     <span class='ocr_line' id='line_1_20' title="bbox 294 1581 1410 1672; baseline -0.002 -26"><span class='ocrx_word' id='word_1_109' title='bbox 294 1583 350 1648; x_wconf 85' lang='lat' dir='ltr'><em>lus</em></span> <span class='ocrx_word' id='word_1_110' title='bbox 375 1585 556 1672; x_wconf 80' lang='lat' dir='ltr'><em>sequacibus</em></span> <span class='ocrx_word' id='word_1_111' title='bbox 579 1588 761 1652; x_wconf 81' lang='lat' dir='ltr'><em>enucleatim</em></span> <span class='ocrx_word' id='word_1_112' title='bbox 780 1608 843 1650; x_wconf 93' lang='lat' dir='ltr'><em>non</em></span> <span class='ocrx_word' id='word_1_113' title='bbox 861 1594 1107 1658; x_wconf 75' lang='lat' dir='ltr'><em>exornaverunt,</em></span> <span class='ocrx_word' id='word_1_114' title='bbox 1125 1593 1166 1646; x_wconf 85' lang='lat' dir='ltr'><em>ut</em></span> <span class='ocrx_word' id='word_1_115' title='bbox 1191 1581 1239 1645; x_wconf 91' lang='lat' dir='ltr'><em>ad</em></span> <span class='ocrx_word' id='word_1_116' title='bbox 1257 1585 1377 1645; x_wconf 76' lang='lat' dir='ltr'><em>ommam</em></span> <span class='ocrx_word' id='word_1_117' title='bbox 1407 1644 1410 1665; x_wconf 32' lang='grc' dir='ltr'><strong>ζ</strong></span> 
     </span>
     <span class='ocr_line' id='line_1_21' title="bbox 294 1685 1376 1774; baseline -0.003 -22"><span class='ocrx_word' id='word_1_118' title='bbox 294 1693 439 1754; x_wconf 88' lang='lat' dir='ltr'><em>notitiam</em></span> <span class='ocrx_word' id='word_1_119' title='bbox 464 1692 648 1774; x_wconf 59' lang='lat' dir='ltr'><em>sulpureum·</em></span> <span class='ocrx_word' id='word_1_120' title='bbox 663 1696 807 1756; x_wconf 78' lang='lat' dir='ltr'><em>noverint</em></span> <span class='ocrx_word' id='word_1_121' title='bbox 821 1713 884 1756; x_wconf 90' lang='lat' dir='ltr'><em>uon</em></span> <span class='ocrx_word' id='word_1_122' title='bbox 900 1695 1028 1773; x_wconf 82' lang='lat' dir='ltr'><em>ipnaros</em></span> <span class='ocrx_word' id='word_1_123' title='bbox 1047 1709 1096 1750; x_wconf 90' lang='lat' dir='ltr'><em>eos</em></span> <span class='ocrx_word' id='word_1_124' title='bbox 1119 1690 1266 1751; x_wconf 77' lang='lat' dir='ltr'><em>extitisse</em></span> <span class='ocrx_word' id='word_1_125' title='bbox 1289 1685 1376 1749; x_wconf 72' lang='lat' dir='ltr'><em>tae</em></span> 
     </span>
     <span class='ocr_line' id='line_1_22' title="bbox 293 1790 1375 1881; baseline -0.003 -26"><span class='ocrx_word' id='word_1_126' title='bbox 293 1813 373 1869; x_wconf 87' lang='lat' dir='ltr'><em>scos,</em></span> <span class='ocrx_word' id='word_1_127' title='bbox 400 1815 479 1879; x_wconf 88' lang='lat' dir='ltr'><em>quae</em></span> <span class='ocrx_word' id='word_1_128' title='bbox 506 1817 566 1881; x_wconf 89' lang='lat' dir='ltr'><em>pra</em></span> <span class='ocrx_word' id='word_1_129' title='bbox 586 1799 702 1880; x_wconf 79' lang='lat' dir='ltr'><em>insipni</em></span> <span class='ocrx_word' id='word_1_130' title='bbox 728 1808 757 1859; x_wconf 92' lang='lat' dir='ltr'><em>et</em></span> <span class='ocrx_word' id='word_1_131' title='bbox 787 1794 972 1860; x_wconf 88' lang='lat' dir='ltr'><em>admirando</em></span> <span class='ocrx_word' id='word_1_132' title='bbox 999 1793 1091 1857; x_wconf 85' lang='lat' dir='ltr'><em>buius</em></span> <span class='ocrx_word' id='word_1_133' title='bbox 1113 1811 1235 1854; x_wconf 88' lang='lat' dir='ltr'><em>sacrae</em></span> <span class='ocrx_word' id='word_1_134' title='bbox 1267 1790 1375 1877; x_wconf 86' lang='lat' dir='ltr'><em>puellm</em></span> 
     </span>
     <span class='ocr_line' id='line_1_23' title="bbox 292 1897 1412 1984; baseline -0.006 -23"><span class='ocrx_word' id='word_1_135' title='bbox 292 1902 462 1984; x_wconf 87' lang='lat' dir='ltr'><em>praeconia</em></span> <span class='ocrx_word' id='word_1_136' title='bbox 483 1910 635 1964; x_wconf 79' lang='lat' dir='ltr'><em>exortura</em></span> <span class='ocrx_word' id='word_1_137' title='bbox 653 1911 743 1982; x_wconf 81' lang='lat' dir='ltr'><em>erat3</em></span> <span class='ocrx_word' id='word_1_138' title='bbox 773 1912 802 1963; x_wconf 93' lang='lat' dir='ltr'><em>et</em></span> <span class='ocrx_word' id='word_1_139' title='bbox 823 1898 859 1963; x_wconf 87' lang='lat' dir='ltr'><em>ab</em></span> <span class='ocrx_word' id='word_1_140' title='bbox 883 1899 916 1962; x_wconf 91' lang='lat' dir='ltr'><em>id</em></span> <span class='ocrx_word' id='word_1_141' title='bbox 941 1897 1058 1984; x_wconf 79' lang='lat' dir='ltr'><em>siquid</em></span> <span class='ocrx_word' id='word_1_142' title='bbox 1075 1917 1115 1959; x_wconf 84' lang='lat' dir='ltr'><em>ea</em></span> <span class='ocrx_word' id='word_1_143' title='bbox 1130 1899 1203 1959; x_wconf 86' lang='lat' dir='ltr'><em>eius</em></span> <span class='ocrx_word' id='word_1_144' title='bbox 1224 1905 1302 1958; x_wconf 89' lang='lat' dir='ltr'><em>ortu</em></span> <span class='ocrx_word' id='word_1_145' title='bbox 1315 1913 1373 1979; x_wconf 84' lang='lat' dir='ltr'><em>pro</em></span> <span class='ocrx_word' id='word_1_146' title='bbox 1411 1927 1412 1931; x_wconf 62' lang='lat'><em>=</em></span> 
     </span>
     <span class='ocr_line' id='line_1_24' title="bbox 297 1988 1409 2089; baseline -0.005 -23"><span class='ocrx_word' id='word_1_147' title='bbox 297 2003 448 2081; x_wconf 85' lang='lat' dir='ltr'><em>tulerunt,</em></span> <span class='ocrx_word' id='word_1_148' title='bbox 465 2009 575 2088; x_wconf 80' lang='lat' dir='ltr'><em>sapaci</em></span> <span class='ocrx_word' id='word_1_149' title='bbox 597 2006 753 2070; x_wconf 87' lang='lat' dir='ltr'><em>industria</em></span> <span class='ocrx_word' id='word_1_150' title='bbox 770 2005 932 2069; x_wconf 89' lang='lat' dir='ltr'><em>celandum</em></span> <span class='ocrx_word' id='word_1_151' title='bbox 947 2002 1076 2066; x_wconf 85' lang='lat' dir='ltr'><em>aemulis</em></span> <span class='ocrx_word' id='word_1_152' title='bbox 1090 2011 1121 2064; x_wconf 90' lang='lat' dir='ltr'><em>et</em></span> <span class='ocrx_word' id='word_1_153' title='bbox 1138 1999 1323 2088; x_wconf 77' lang='lat' dir='ltr'><em>infidelibus</em></span> <span class='ocrx_word' id='word_1_154' title='bbox 1339 1997 1373 2059; x_wconf 80' lang='lat' dir='ltr'><em>dc</em></span> <span class='ocrx_word' id='word_1_155' title='bbox 1398 1988 1409 2089; x_wconf 59' lang='lat' dir='ltr'><em>i</em></span> 
     </span>
     <span class='ocr_line' id='line_1_25' title="bbox 297 2101 1412 2199; baseline -0.004 -28"><span class='ocrx_word' id='word_1_156' title='bbox 297 2118 476 2186; x_wconf 80' lang='lat' dir='ltr'><em>creuerunt,</em></span> <span class='ocrx_word' id='word_1_157' title='bbox 502 2131 540 2173; x_wconf 88' lang='lat' dir='ltr'><em>ne</em></span> <span class='ocrx_word' id='word_1_158' title='bbox 563 2115 717 2175; x_wconf 86' lang='lat' dir='ltr'><em>inveniret</em></span> <span class='ocrx_word' id='word_1_159' title='bbox 741 2132 834 2175; x_wconf 90' lang='lat' dir='ltr'><em>caeco</em></span> <span class='ocrx_word' id='word_1_160' title='bbox 858 2110 1035 2195; x_wconf 84' lang='lat' dir='ltr'><em>parrulitas</em></span> <span class='ocrx_word' id='word_1_161' title='bbox 1061 2106 1288 2192; x_wconf 76' lang='lat' dir='ltr'><em>perfidorum,</em></span> <span class='ocrx_word' id='word_1_162' title='bbox 1314 2101 1371 2168; x_wconf 83' lang='lat' dir='ltr'><em>uult</em></span> <span class='ocrx_word' id='word_1_163' title='bbox 1401 2152 1412 2199; x_wconf 84' lang='lat' dir='ltr'><em>t</em></span> 
     </span>
     <span class='ocr_line' id='line_1_26' title="bbox 297 2204 1412 2307; baseline -0.004 -29"><span class='ocrx_word' id='word_1_164' title='bbox 297 2225 474 2278; x_wconf 89' lang='lat' dir='ltr'><em>maternum</em></span> <span class='ocrx_word' id='word_1_165' title='bbox 499 2219 603 2282; x_wconf 86' lang='lat' dir='ltr'><em>sinum</em></span> <span class='ocrx_word' id='word_1_166' title='bbox 632 2217 792 2281; x_wconf 85' lang='lat' dir='ltr'><em>Ecclesiae</em></span> <span class='ocrx_word' id='word_1_167' title='bbox 823 2216 1001 2280; x_wconf 83' lang='lat' dir='ltr'><em>verberaret</em></span> <span class='ocrx_word' id='word_1_168' title='bbox 1031 2213 1090 2278; x_wconf 87' lang='lat' dir='ltr'><em>sua</em></span> <span class='ocrx_word' id='word_1_169' title='bbox 1120 2212 1305 2299; x_wconf 85' lang='lat' dir='ltr'><em>multiplici</em></span> <span class='ocrx_word' id='word_1_170' title='bbox 1327 2204 1366 2293; x_wconf 61' lang='lat' dir='ltr'><em>sel*</em></span> <span class='ocrx_word' id='word_1_171' title='bbox 1401 2220 1412 2307; x_wconf 59' lang='grc' dir='ltr'><strong>ᾗ</strong></span> 
     </span>
     <span class='ocr_line' id='line_1_27' title="bbox 298 2318 1412 2406; baseline -0.004 -24"><span class='ocrx_word' id='word_1_172' title='bbox 298 2318 383 2384; x_wconf 81' lang='lat' dir='ltr'><em>lacis</em></span> <span class='ocrx_word' id='word_1_173' title='bbox 411 2318 474 2406; x_wconf 77' lang='lat'><em>(2).</em></span> <span class='ocrx_word' id='word_1_174' title='bbox 1405 2334 1412 2399; x_wconf 69' lang='lat'><em>¹,</em></span> 
     </span>
     <span class='ocr_line' id='line_1_28' title="bbox 386 2420 1359 2507; baseline -0.006 -19"><span class='ocrx_word' id='word_1_175' title='bbox 386 2424 488 2489; x_wconf 89' lang='lat' dir='ltr'><em>Porro</em></span> <span class='ocrx_word' id='word_1_176' title='bbox 514 2424 542 2489; x_wconf 91' lang='lat' dir='ltr'><em>si</em></span> <span class='ocrx_word' id='word_1_177' title='bbox 573 2446 654 2491; x_wconf 84' lang='lat' dir='ltr'><em>nova</em></span> <span class='ocrx_word' id='word_1_178' title='bbox 681 2424 759 2490; x_wconf 86' lang='lat' dir='ltr'><em>baec</em></span> <span class='ocrx_word' id='word_1_179' title='bbox 778 2423 960 2488; x_wconf 88' lang='lat' dir='ltr'><em>testimonia</em></span> <span class='ocrx_word' id='word_1_180' title='bbox 977 2443 1052 2487; x_wconf 88' lang='lat' dir='ltr'><em>cum</em></span> <span class='ocrx_word' id='word_1_181' title='bbox 1068 2420 1109 2484; x_wconf 89' lang='lat' dir='ltr'><em>iis</em></span> <span class='ocrx_word' id='word_1_182' title='bbox 1129 2421 1359 2507; x_wconf 75' lang='lat' dir='ltr'><em>coniungam,</em></span> 
     </span>
     <span class='ocr_line' id='line_1_29' title="bbox 298 2524 1368 2615; baseline -0.008 -22"><span class='ocrx_word' id='word_1_183' title='bbox 298 2548 382 2615; x_wconf 86' lang='lat' dir='ltr'><em>quae</em></span> <span class='ocrx_word' id='word_1_184' title='bbox 398 2529 431 2592; x_wconf 89' lang='lat' dir='ltr'><em>in</em></span> <span class='ocrx_word' id='word_1_185' title='bbox 444 2529 546 2614; x_wconf 88' lang='lat' dir='ltr'><em>priori</em></span> <span class='ocrx_word' id='word_1_186' title='bbox 559 2528 660 2594; x_wconf 89' lang='lat' dir='ltr'><em>huius</em></span> <span class='ocrx_word' id='word_1_187' title='bbox 676 2530 783 2615; x_wconf 90' lang='lat' dir='ltr'><em>operis</em></span> <span class='ocrx_word' id='word_1_188' title='bbox 800 2530 895 2593; x_wconf 88' lang='lat' dir='ltr'><em>Parte</em></span> <span class='ocrx_word' id='word_1_189' title='bbox 911 2527 1105 2601; x_wconf 72' lang='lat' dir='ltr'><em>albiacum,</em></span> <span class='ocrx_word' id='word_1_190' title='bbox 1122 2524 1368 2611; x_wconf 65' lang='lat' dir='ltr'><em>quadragintae</em></span> 
     </span>
     <span class='ocr_line' id='line_1_30' title="bbox 297 2624 1368 2720; baseline -0.008 -22"><span class='ocrx_word' id='word_1_191' title='bbox 297 2633 435 2720; x_wconf 88' lang='lat' dir='ltr'><em>amplius</em></span> <span class='ocrx_word' id='word_1_192' title='bbox 452 2633 642 2698; x_wconf 83' lang='lat' dir='ltr'><em>habebimus</em></span> <span class='ocrx_word' id='word_1_193' title='bbox 656 2636 777 2712; x_wconf 86' lang='lat' dir='ltr'><em>Patres,</em></span> <span class='ocrx_word' id='word_1_194' title='bbox 791 2633 840 2699; x_wconf 80' lang='lat' dir='ltr'><em>vel</em></span> <span class='ocrx_word' id='word_1_195' title='bbox 853 2634 886 2697; x_wconf 94' lang='lat' dir='ltr'><em>in</em></span> <span class='ocrx_word' id='word_1_196' title='bbox 899 2631 1051 2698; x_wconf 87' lang='lat' dir='ltr'><em>Conciliis</em></span> <span class='ocrx_word' id='word_1_197' title='bbox 1064 2629 1097 2696; x_wconf 91' lang='lat' dir='ltr'><em>id</em></span> <span class='ocrx_word' id='word_1_198' title='bbox 1115 2639 1295 2708; x_wconf 86' lang='lat' dir='ltr'><em>testantes,</em></span> <span class='ocrx_word' id='word_1_199' title='bbox 1311 2624 1368 2693; x_wconf 86' lang='lat' dir='ltr'><em>scri·</em></span> 
     </span>
     <span class='ocr_line' id='line_1_31' title="bbox 298 2733 1370 2828; baseline -0.009 -26"><span class='ocrx_word' id='word_1_200' title='bbox 298 2745 471 2828; x_wconf 89' lang='lat' dir='ltr'><em>ptoresque</em></span> <span class='ocrx_word' id='word_1_201' title='bbox 484 2738 718 2803; x_wconf 57' lang='lat' dir='ltr'><em>ecclaesinstisos</em></span> <span class='ocrx_word' id='word_1_202' title='bbox 727 2740 845 2824; x_wconf 86' lang='lat' dir='ltr'><em>pietate</em></span> <span class='ocrx_word' id='word_1_203' title='bbox 857 2757 980 2814; x_wconf 81' lang='lat' dir='ltr'><em>carnos,</em></span> <span class='ocrx_word' id='word_1_204' title='bbox 991 2733 1209 2820; x_wconf 84' lang='lat' dir='ltr'><em>doctrinaque</em></span> <span class='ocrx_word' id='word_1_205' title='bbox 1224 2738 1370 2820; x_wconf 80' lang='lat' dir='ltr'><em>praestan</em></span> 
     </span>
     <span class='ocr_line' id='line_1_32' title="bbox 298 2840 1373 2928; baseline -0.008 -22"><span class='ocrx_word' id='word_1_206' title='bbox 298 2849 357 2920; x_wconf 88' lang='lat' dir='ltr'><em>tes,</em></span> <span class='ocrx_word' id='word_1_207' title='bbox 376 2842 433 2927; x_wconf 90' lang='lat' dir='ltr'><em>qui</em></span> <span class='ocrx_word' id='word_1_208' title='bbox 453 2841 493 2906; x_wconf 88' lang='lat' dir='ltr'><em>ab</em></span> <span class='ocrx_word' id='word_1_209' title='bbox 522 2863 598 2907; x_wconf 84' lang='lat' dir='ltr'><em>aevo</em></span> <span class='ocrx_word' id='word_1_210' title='bbox 614 2841 681 2907; x_wconf 85' lang='lat' dir='ltr'><em>iere</em></span> <span class='ocrx_word' id='word_1_211' title='bbox 699 2843 873 2928; x_wconf 86' lang='lat' dir='ltr'><em>apostolico</em></span> <span class='ocrx_word' id='word_1_212' title='bbox 890 2841 930 2905; x_wconf 88' lang='lat' dir='ltr'><em>ad</em></span> <span class='ocrx_word' id='word_1_213' title='bbox 954 2846 1100 2904; x_wconf 87' lang='lat' dir='ltr'><em>sanctum</em></span> <span class='ocrx_word' id='word_1_214' title='bbox 1122 2859 1237 2924; x_wconf 89' lang='lat' dir='ltr'><em>usque</em></span> <span class='ocrx_word' id='word_1_215' title='bbox 1255 2840 1373 2903; x_wconf 85' lang='lat' dir='ltr'><em>Bernar-</em></span> 
     </span>
     <span class='ocr_line' id='line_1_33' title="bbox 297 2945 1372 3032; baseline -0.007 -20"><span class='ocrx_word' id='word_1_216' title='bbox 297 2945 374 3012; x_wconf 91' lang='lat' dir='ltr'><em>dum</em></span> <span class='ocrx_word' id='word_1_217' title='bbox 387 2947 601 3011; x_wconf 89' lang='lat' dir='ltr'><em>continentem</em></span> <span class='ocrx_word' id='word_1_218' title='bbox 617 2948 733 3012; x_wconf 88' lang='lat' dir='ltr'><em>seriem</em></span> <span class='ocrx_word' id='word_1_219' title='bbox 751 2968 809 3011; x_wconf 89' lang='lat' dir='ltr'><em>seu</em></span> <span class='ocrx_word' id='word_1_220' title='bbox 825 2946 934 3032; x_wconf 91' lang='lat' dir='ltr'><em>potius</em></span> <span class='ocrx_word' id='word_1_221' title='bbox 955 2951 1099 3008; x_wconf 86' lang='lat' dir='ltr'><em>catenam</em></span> <span class='ocrx_word' id='word_1_222' title='bbox 1111 2962 1173 3028; x_wconf 89' lang='lat' dir='ltr'><em>pro</em></span> <span class='ocrx_word' id='word_1_223' title='bbox 1187 2950 1301 3007; x_wconf 88' lang='lat' dir='ltr'><em>nostra</em></span> <span class='ocrx_word' id='word_1_224' title='bbox 1312 2959 1372 3004; x_wconf 83' lang='lat' dir='ltr'><em>cau·</em></span> 
     </span>
     <span class='ocr_line' id='line_1_34' title="bbox 298 3043 1368 3138; baseline -0.013 -22"><span class='ocrx_word' id='word_1_225' title='bbox 298 3073 333 3116; x_wconf 91' lang='lat' dir='ltr'><em>sa</em></span> <span class='ocrx_word' id='word_1_226' title='bbox 349 3051 532 3115; x_wconf 74' lang='lat' dir='ltr'><em>efformant:</em></span> <span class='ocrx_word' id='word_1_227' title='bbox 547 3059 626 3138; x_wconf 91' lang='lat' dir='ltr'><em>quot</em></span> <span class='ocrx_word' id='word_1_228' title='bbox 642 3052 675 3114; x_wconf 93' lang='lat' dir='ltr'><em>in</em></span> <span class='ocrx_word' id='word_1_229' title='bbox 688 3050 800 3136; x_wconf 85' lang='lat' dir='ltr'><em>paucis</em></span> <span class='ocrx_word' id='word_1_230' title='bbox 817 3048 890 3114; x_wconf 82' lang='lat' dir='ltr'><em>aliis</em></span> <span class='ocrx_word' id='word_1_231' title='bbox 908 3045 1111 3134; x_wconf 80' lang='lat' dir='ltr'><em>dogmatibus</em></span> <span class='ocrx_word' id='word_1_232' title='bbox 1124 3043 1215 3112; x_wconf 85' lang='lat' dir='ltr'><em>forte</em></span> <span class='ocrx_word' id='word_1_233' title='bbox 1228 3044 1368 3132; x_wconf 89' lang='lat' dir='ltr'><em>reperies.</em></span> 
     </span>
     <span class='ocr_line' id='line_1_35' title="bbox 296 3149 1370 3242; baseline -0.007 -24"><span class='ocrx_word' id='word_1_234' title='bbox 296 3155 413 3218; x_wconf 87' lang='lat' dir='ltr'><em>Omnes</em></span> <span class='ocrx_word' id='word_1_235' title='bbox 431 3154 592 3242; x_wconf 90' lang='lat' dir='ltr'><em>siquidem</em></span> <span class='ocrx_word' id='word_1_236' title='bbox 608 3155 642 3218; x_wconf 89' lang='lat' dir='ltr'><em>in</em></span> <span class='ocrx_word' id='word_1_237' title='bbox 658 3155 716 3218; x_wconf 87' lang='lat' dir='ltr'><em>hoo</em></span> <span class='ocrx_word' id='word_1_238' title='bbox 730 3153 954 3238; x_wconf 88' lang='lat' dir='ltr'><em>Conceptionis</em></span> <span class='ocrx_word' id='word_1_239' title='bbox 971 3151 1136 3237; x_wconf 83' lang='lat' dir='ltr'><em>virgineae</em></span> <span class='ocrx_word' id='word_1_240' title='bbox 1153 3149 1370 3237; x_wconf 82' lang='lat' dir='ltr'><em>privilegium,</em></span> 
     </span>
     <span class='ocr_line' id='line_1_36' title="bbox 296 3253 1412 3344; baseline -0.005 -21"><span class='ocrx_word' id='word_1_241' title='bbox 296 3259 371 3323; x_wconf 87' lang='lat' dir='ltr'><em>licet</em></span> <span class='ocrx_word' id='word_1_242' title='bbox 384 3258 520 3323; x_wconf 84' lang='lat' dir='ltr'><em>diversis</em></span> <span class='ocrx_word' id='word_1_243' title='bbox 533 3259 647 3337; x_wconf 88' lang='lat' dir='ltr'><em>modis,</em></span> <span class='ocrx_word' id='word_1_244' title='bbox 662 3259 800 3344; x_wconf 84' lang='lat' dir='ltr'><em>digitum</em></span> <span class='ocrx_word' id='word_1_245' title='bbox 812 3258 914 3324; x_wconf 87' lang='lat' dir='ltr'><em>veluti</em></span> <span class='ocrx_word' id='word_1_246' title='bbox 926 3255 1103 3320; x_wconf 88' lang='lat' dir='ltr'><em>intendisse</em></span> <span class='ocrx_word' id='word_1_247' title='bbox 1118 3253 1290 3319; x_wconf 85' lang='lat' dir='ltr'><em>videntur.</em></span> <span class='ocrx_word' id='word_1_248' title='bbox 1304 3253 1370 3318; x_wconf 81' lang='lat' dir='ltr'><em>Nau</em></span> <span class='ocrx_word' id='word_1_249' title='bbox 1409 3328 1412 3335; x_wconf 26' lang='grc' dir='ltr'>Ι</span> 
     </span>
     <span class='ocr_line' id='line_1_37' title="bbox 298 3360 1370 3451; baseline -0.009 -24"><span class='ocrx_word' id='word_1_250' title='bbox 298 3371 356 3427; x_wconf 90' lang='lat' dir='ltr'><em>aut</em></span> <span class='ocrx_word' id='word_1_251' title='bbox 371 3385 407 3426; x_wconf 86' lang='lat' dir='ltr'><em>on</em></span> <span class='ocrx_word' id='word_1_252' title='bbox 423 3372 548 3450; x_wconf 88' lang='lat' dir='ltr'><em>ponunt</em></span> <span class='ocrx_word' id='word_1_253' title='bbox 558 3364 730 3451; x_wconf 88' lang='lat' dir='ltr'><em>principia,</em></span> <span class='ocrx_word' id='word_1_254' title='bbox 744 3385 828 3449; x_wconf 90' lang='lat' dir='ltr'><em>quae</em></span> <span class='ocrx_word' id='word_1_255' title='bbox 840 3362 921 3428; x_wconf 87' lang='lat' dir='ltr'><em>illud</em></span> <span class='ocrx_word' id='word_1_256' title='bbox 933 3361 1116 3427; x_wconf 88' lang='lat' dir='ltr'><em>necessario</em></span> <span class='ocrx_word' id='word_1_257' title='bbox 1129 3360 1313 3438; x_wconf 86' lang='lat' dir='ltr'><em>involvunt,</em></span> <span class='ocrx_word' id='word_1_258' title='bbox 1325 3360 1370 3420; x_wconf 87' lang='lat' dir='ltr'><em>eut</em></span> 
     </span>
     <span class='ocr_line' id='line_1_38' title="bbox 297 3462 1412 3555; baseline -0.004 -25"><span class='ocrx_word' id='word_1_259' title='bbox 297 3466 379 3531; x_wconf 89' lang='lat' dir='ltr'><em>illud</em></span> <span class='ocrx_word' id='word_1_260' title='bbox 396 3468 689 3555; x_wconf 86' lang='lat' dir='ltr'><em>aequipollentibus</em></span> <span class='ocrx_word' id='word_1_261' title='bbox 704 3468 812 3533; x_wconf 87' lang='lat' dir='ltr'><em>verbis</em></span> <span class='ocrx_word' id='word_1_262' title='bbox 830 3466 1026 3553; x_wconf 68' lang='lat' dir='ltr'><em>significant,</em></span> <span class='ocrx_word' id='word_1_263' title='bbox 1051 3471 1108 3529; x_wconf 89' lang='lat' dir='ltr'><em>aut</em></span> <span class='ocrx_word' id='word_1_264' title='bbox 1130 3463 1269 3528; x_wconf 89' lang='lat' dir='ltr'><em>disertis</em></span> <span class='ocrx_word' id='word_1_265' title='bbox 1289 3462 1369 3527; x_wconf 87' lang='lat' dir='ltr'><em>etiam</em></span> <span class='ocrx_word' id='word_1_266' title='bbox 1407 3478 1412 3545; x_wconf 60' lang='lat' dir='ltr'><em>p·</em></span> 
     </span>
    </p>
   </div>
   <div class='ocr_carea' id='block_1_6' title="bbox 1411 2696 1415 3253">
    <p class='ocr_par' dir='ltr' id='par_1_11' title="bbox 1411 2696 1415 3253">
     <span class='ocr_line' id='line_1_39' title="bbox 1411 2696 1415 3253; baseline 0 0"><span class='ocrx_word' id='word_1_267' title='bbox 1411 2696 1415 3253; x_wconf 95' lang='lat' dir='ltr'><em> </em></span> 
     </span>
    </p>
   </div>
   <div class='ocr_carea' id='block_1_7' title="bbox 220 3567 1412 3659">
    <p class='ocr_par' dir='ltr' id='par_1_12' title="bbox 220 3567 1412 3659">
     <span class='ocr_line' id='line_1_40' title="bbox 220 3567 1412 3659; baseline -0.002 -26"><span class='ocrx_word' id='word_1_268' title='bbox 220 3611 229 3632; x_wconf 87' lang='lat'><strong>.</strong></span> <span class='ocrx_word' id='word_1_269' title='bbox 298 3572 526 3659; x_wconf 88' lang='lat' dir='ltr'><em>conceptisque</em></span> <span class='ocrx_word' id='word_1_270' title='bbox 535 3570 683 3637; x_wconf 80' lang='lat' dir='ltr'><em>formulis</em></span> <span class='ocrx_word' id='word_1_271' title='bbox 692 3571 855 3650; x_wconf 80' lang='lat' dir='ltr'><em>exhibent,</em></span> <span class='ocrx_word' id='word_1_272' title='bbox 864 3572 910 3636; x_wconf 91' lang='lat' dir='ltr'><em>ita</em></span> <span class='ocrx_word' id='word_1_273' title='bbox 922 3577 960 3635; x_wconf 88' lang='lat' dir='ltr'><em>ut</em></span> <span class='ocrx_word' id='word_1_274' title='bbox 972 3572 1086 3634; x_wconf 87' lang='lat' dir='ltr'><em>revera</em></span> <span class='ocrx_word' id='word_1_275' title='bbox 1098 3567 1182 3632; x_wconf 90' lang='lat' dir='ltr'><em>nihil</em></span> <span class='ocrx_word' id='word_1_276' title='bbox 1193 3567 1368 3654; x_wconf 77' lang='lat' dir='ltr'><em>aliudpne</em></span> <span class='ocrx_word' id='word_1_277' title='bbox 1408 3590 1412 3659; x_wconf 63' lang='lat'>3</span> 
     </span>
    </p>
   </div>
   <div class='ocr_carea' id='block_1_8' title="bbox 298 3667 1409 3867">
    <p class='ocr_par' dir='ltr' id='par_1_13' title="bbox 298 3667 1409 3867">
     <span class='ocr_line' id='line_1_41' title="bbox 298 3667 1409 3763; baseline -0.005 -24"><span class='ocrx_word' id='word_1_278' title='bbox 298 3684 392 3754; x_wconf 88' lang='lat' dir='ltr'><em>stent,</em></span> <span class='ocrx_word' id='word_1_279' title='bbox 410 3677 474 3742; x_wconf 88' lang='lat' dir='ltr'><em>nisi</em></span> <span class='ocrx_word' id='word_1_280' title='bbox 492 3675 574 3742; x_wconf 87' lang='lat' dir='ltr'><em>illud</em></span> <span class='ocrx_word' id='word_1_281' title='bbox 594 3676 788 3762; x_wconf 88' lang='lat' dir='ltr'><em>pedetentim</em></span> <span class='ocrx_word' id='word_1_282' title='bbox 807 3675 908 3760; x_wconf 86' lang='lat' dir='ltr'><em>magis</em></span> <span class='ocrx_word' id='word_1_283' title='bbox 925 3696 962 3740; x_wconf 87' lang='lat' dir='ltr'><em>ac</em></span> <span class='ocrx_word' id='word_1_284' title='bbox 979 3673 1080 3760; x_wconf 87' lang='lat' dir='ltr'><em>magis</em></span> <span class='ocrx_word' id='word_1_285' title='bbox 1101 3672 1287 3761; x_wconf 85' lang='lat' dir='ltr'><em>explicare,</em></span> <span class='ocrx_word' id='word_1_286' title='bbox 1303 3667 1365 3737; x_wconf 81' lang='lat' dir='ltr'><em>ceol-</em></span> <span class='ocrx_word' id='word_1_287' title='bbox 1405 3726 1409 3763; x_wconf 62' lang='lat'><em>3</em></span> 
     </span>
     <span class='ocr_line' id='line_1_42' title="bbox 298 3766 1409 3867; baseline -0.006 -19"><span class='ocrx_word' id='word_1_288' title='bbox 298 3803 383 3858; x_wconf 81' lang='lat' dir='ltr'><em>vere,</em></span> <span class='ocrx_word' id='word_1_289' title='bbox 394 3781 570 3859; x_wconf 82' lang='lat' dir='ltr'><em>illustrare,</em></span> <span class='ocrx_word' id='word_1_290' title='bbox 580 3781 666 3867; x_wconf 72' lang='lat' dir='ltr'><em>quod</em></span> <span class='ocrx_word' id='word_1_291' title='bbox 676 3782 708 3845; x_wconf 92' lang='lat' dir='ltr'><em>in</em></span> <span class='ocrx_word' id='word_1_292' title='bbox 718 3781 899 3846; x_wconf 81' lang='lat' dir='ltr'><em>bibliorum</em></span> <span class='ocrx_word' id='word_1_293' title='bbox 911 3778 1043 3844; x_wconf 90' lang='lat' dir='ltr'><em>oraculo</em></span> <span class='ocrx_word' id='word_1_294' title='bbox 1055 3775 1268 3845; x_wconf 90' lang='lat' dir='ltr'><em>subobscure</em></span> <span class='ocrx_word' id='word_1_295' title='bbox 1280 3776 1361 3843; x_wconf 73' lang='lat' dir='ltr'><em>tuens</em></span> <span class='ocrx_word' id='word_1_296' title='bbox 1403 3766 1409 3781; x_wconf 66' lang='lat'><em>⁴</em></span> 
     </span>
    </p>
   </div>
   <div class='ocr_carea' id='block_1_9' title="bbox 299 4077 1412 4270">
    <p class='ocr_par' dir='ltr' id='par_1_14' title="bbox 299 4077 1412 4270">
     <span class='ocr_line' id='line_1_43' title="bbox 340 4077 1412 4190; baseline -0.01 -15"><span class='ocrx_word' id='word_1_297' title='bbox 340 4077 482 4190; x_wconf 64' lang='lat' dir='ltr'><em>(tiSermo</em></span> <span class='ocrx_word' id='word_1_298' title='bbox 491 4121 519 4173; x_wconf 88' lang='lat' dir='ltr'><em>in</em></span> <span class='ocrx_word' id='word_1_299' title='bbox 528 4127 589 4175; x_wconf 88' lang='lat' dir='ltr'><em>ortu</em></span> <span class='ocrx_word' id='word_1_300' title='bbox 599 4119 685 4173; x_wconf 79' lang='lat' dir='ltr'><em>alenae</em></span> <span class='ocrx_word' id='word_1_301' title='bbox 698 4118 815 4186; x_wconf 80' lang='lat' dir='ltr'><em>Virpinis</em></span> <span class='ocrx_word' id='word_1_302' title='bbox 916 4117 996 4172; x_wconf 80' lang='lat' dir='ltr'><em>Patr.</em></span> <span class='ocrx_word' id='word_1_303' title='bbox 1008 4121 1082 4170; x_wconf 84' lang='lat' dir='ltr'><em>Tora.</em></span> <span class='ocrx_word' id='word_1_304' title='bbox 1092 4119 1181 4170; x_wconf 78' lang='lat' dir='ltr'><em>lett</em></span> <span class='ocrx_word' id='word_1_305' title='bbox 1192 4109 1341 4186; x_wconf 60' lang='grc' dir='ltr'><strong>μυμῦ-41.</strong></span> <span class='ocrx_word' id='word_1_306' title='bbox 1407 4126 1412 4187; x_wconf 71' lang='lat' dir='ltr'><em>t</em></span> 
     </span>
     <span class='ocr_line' id='line_1_44' title="bbox 299 4197 1412 4270; baseline -0.014 -5"><span class='ocrx_word' id='word_1_307' title='bbox 299 4203 815 4265; x_wconf 70' lang='lat' dir='ltr'><em>Marcomannostabellionatus.</em></span> <span class='ocrx_word' id='word_1_308' title='bbox 949 4197 1189 4270; x_wconf 61' lang='lat' dir='ltr'><em>(lutoldum-40.</em></span> <span class='ocrx_word' id='word_1_309' title='bbox 1411 4229 1412 4237; x_wconf 25' lang='grc' dir='ltr'><strong>κ</strong></span> 
     </span>
    </p>
   </div>
   <div class='ocr_carea' id='block_1_10' title="bbox 0 0 1424 4904">
    <p class='ocr_par' dir='ltr' id='par_1_15' title="bbox 0 0 1424 4904">
     <span class='ocr_line' id='line_1_45' title="bbox 0 0 1424 4904; baseline 0 0"><span class='ocrx_word' id='word_1_310' title='bbox 0 0 1424 4904; x_wconf 95' lang='lat' dir='ltr'><em> </em></span> 
     </span>
    </p>
   </div>
  </div>
 </body>
</html>
