2828 4904
88 445 205 527 soliditas
213 460 250 494 ar·

70 522 184 582 pumeutr
203 529 250 566 ex·

71 586 130 640 inda
146 587 250 638 deducti

748 303 932 373 -tid-

302 422 378 501 siut,
391 441 429 488 ea
443 441 501 487 uos
515 423 561 487 ita
576 431 834 508 argumentantes
846 425 880 490 iu
895 446 963 489 rem
980 427 1204 493 transferimus
1218 451 1250 494 no

301 526 393 591 Licet
414 526 570 592 anteactis
585 527 716 605 seculis,
741 547 799 592 seu
822 549 897 594 cum
920 530 1061 595 nondum
1085 533 1248 621 Conceptio

301 635 388 693 stum
411 627 452 693 ah
476 628 627 695 universa
649 629 794 695 Ecclesia
816 629 926 697 fuerat
947 641 1130 719 receptum,
1154 643 1250 721 potuer

301 753 328 799 s.
352 731 550 812 heruardus,
575 740 608 799 et
630 754 655 799 s.
681 733 816 801 Thomas
833 757 870 801 ac
897 738 1016 825 reliqui
1033 738 1248 805 scholasticis

299 968 366 1026 riter
386 967 485 1024 dicitnr
503 975 640 1039 peceotnm
656 970 808 1040 erminule,
861 972 992 1028 retinetur
1005 977 1089 1045 somer
1103 976 1250 1045 peccoti,n

299 1054 427 1125 qnoniam
435 1053 591 1123 umentia
599 1053 697 1124 pendet
705 1069 809 1110 eamn·
859 1059 1164 1127 nonpotneritpeccore.

300 1141 470 1213 euphemiu-
897 1146 1021 1198 lleierens
1039 1148 1133 1199 ibidem
1153 1149 1250 1201 aliorun

327 1282 330 1289 ,
350 1229 448 1291 Deinde
464 1229 546 1293 peren
565 1229 677 1283 reterens
698 1231 807 1283 aliorum
860 1231 926 1281 circa
938 1233 1064 1282 rationem
1084 1247 1135 1297 qna
1154 1249 1201 1299 per
1219 1236 1250 1285 ha

298 1311 435 1371 sententias
443 1325 500 1374 pap·
509 1306 571 1376 159.
583 1308 682 1365 Dr’earnt
698 1310 809 1382 qnidam
861 1313 960 1364 deletur
972 1322 1106 1378 peccatum
1128 1317 1178 1366 ait:
1193 1313 1250 1368 Dia

298 1393 372 1465 qnod
380 1392 653 1464 oripntolepeccutnm
661 1394 761 1465 partim
769 1399 808 1448 eat
861 1394 921 1449 dem
938 1396 1010 1466 qnod
1021 1397 1088 1451 sient
1101 1396 1156 1452 dno
1169 1404 1250 1451 sonti

299 1493 336 1532 ee
357 1477 423 1534 vitio
434 1478 634 1547 mncnpircendi
649 1477 752 1549 partim
772 1492 808 1532 ac
859 1479 1010 1548 summast
1021 1494 1096 1549 aqna
1107 1487 1136 1538 et.
1144 1479 1250 1550 Spiritu

298 1575 381 1617 corne
399 1562 637 1633 corrupta-,Unde
655 1562 693 1616 od
712 1560 761 1616 hoc
778 1567 809 1616 nt
861 1562 915 1618 dno
932 1559 1115 1632 muniantur,
1126 1565 1230 1618 scilicet

272 1723 273 1728 η
301 1647 422 1704 Christus
429 1649 552 1730 inmanis
561 1655 627 1707 erret
635 1648 671 1704 oh
679 1649 812 1718 oripinoti
861 1664 931 1703 coro:
943 1648 1008 1704 hoec
1018 1650 1051 1704 ot
1062 1664 1227 1705 orrornsur
1240 1667 1250 1706 r

297 1741 413 1804 peccato,
424 1734 540 1809 pportnit
551 1749 657 1788 earnem
669 1748 751 1804 qnam
761 1749 805 1790 ur-
857 1734 907 1788 stra
925 1749 942 1787 a
962 1735 1130 1805 sementinae
1152 1736 1246 1790 cornis

298 1817 409 1888 sumpsit
417 1815 552 1871 mundari
563 1815 634 1871 Nom
640 1819 710 1885 sorte
719 1817 745 1870 si
755 1830 808 1869 non
859 1819 906 1869 hus
917 1823 985 1882 patet
998 1821 1166 1886 apertissime,
1176 1822 1250 1871 iuxta

299 1901 524 1968 acommodata,
535 1900 595 1955 licet
607 1900 663 1954 sine
683 1901 807 1969 concupi·
858 1903 1175 1968 tatisscholastlcosipsum
1183 1919 1249 1956 oens

297 1991 396 2044 scentia
407 1989 595 2059 conciperetur,
607 1985 739 2054 eripiente
749 2002 805 2056 pec·
860 1993 946 2040 catum
960 1990 1081 2052 originale
1102 1989 1250 2043 inhaesisse

298 2081 385 2129 caim
408 2071 516 2128 haberet
542 2071 673 2126 Christus.
695 2073 734 2124 Ex
757 2074 805 2124 alia
858 2074 940 2125 Adam
956 2074 1116 2141 progenitae,
1130 2077 1250 2140 adeoque

298 2161 440 2214 sententia:
465 2156 529 2212 Non
549 2156 645 2212 denar
663 2154 806 2226 arpinus,
859 2160 987 2209 dationem
1006 2162 1033 2208 et
1051 2159 1250 2212 smctitication

299 2241 426 2314 qnoniam
435 2256 541 2297 acerne
549 2247 675 2311 corrupto
683 2255 745 2294 caro
756 2247 810 2295 tra·
863 2242 889 2292 in
902 2243 1008 2307 Virgine
1021 2244 1052 2292 ad
1064 2256 1170 2293 carnem
1184 2246 1249 2296 rese

299 2325 374 2383 ditor
397 2337 533 2396 conopeo.
548 2323 594 2380 Sic
605 2324 674 2379 enim
686 2322 810 2379 Christos
896 2327 1052 2376 immorare
1064 2328 1185 2377 nonnulli
1208 2342 1246 2380 eo

299 2410 434 2466 totunm
442 2408 575 2480 oripinuie
581 2411 808 2479 peccotnm3qno·
861 2413 930 2476 eunt2
947 2417 976 2460 ut
990 2424 1023 2460 ue
1043 2412 1156 2461 insensu
1173 2415 1250 2476 quida

299 2495 447 2549 nicensem
459 2495 516 2546 eina
528 2506 563 2544 en
580 2506 659 2545 earne
683 2489 810 2562 rapina,
862 2495 978 2558 exposito
998 2495 1144 2545 admiserint
1157 2498 1185 2546 in
1206 2500 1250 2549 Vir

301 2594 371 2650 qnae
381 2594 430 2651 per
447 2575 579 2646 cripinule
597 2581 732 2646 peecatum
751 2591 810 2630 cor·
862 2593 921 2630 uem
941 2582 1091 2629 maculatam
1106 2586 1154 2630 aut
1168 2596 1250 2633 corro

302 2673 384 2737 rupta
402 2669 471 2730 erat,
483 2662 607 2718 traducta
617 2663 679 2729 [νέες
691 2660 738 2716 sed
749 2662 811 2716 ideo
863 2669 970 2715 testatur
989 2665 1055 2715 idem
1064 2666 1239 2719 pictaviensis

300 2747 811 2820 oripinolede‘citnr,qnonicmiilapro
862 2747 1250 2819 Defideatoperihnsscribens

298 2835 408 2906 popatio
419 2833 558 2889 libidinose
568 2832 607 2902 fit.
861 2832 953 2888 oclnnt
966 2832 1063 2902 dicere,
1075 2835 1150 2904 qnod
1158 2837 1250 2892 sacnti

333 2920 404 2973 idem
413 2925 503 2972 auctor
512 2921 604 2972 ibidem
614 2919 745 2983 distinguit
754 2934 810 2984 pec·
861 2923 959 2985 emunt,
970 2917 999 2971 in
1014 2917 1165 2987 adcensuit
1178 2920 1250 2992 altap

298 3012 384 3057 catum
396 3006 518 3070 originale
530 3018 545 3054 a
561 3004 644 3055 carnis
661 3006 806 3068 corruptio·
857 3001 957 3056 mundo
971 3007 1106 3070 etsensim
1118 3005 1250 3075 itopostp

298 3105 341 3141 ne.
354 3091 434 3142 Vocat
452 3104 553 3140 caruem
565 3093 710 3152 corruptam
722 3090 754 3139 oh
767 3088 804 3138 Α·
857 3090 882 3139 et
893 3088 921 3139 in
932 3086 987 3156 ipso
1000 3087 1095 3154 sidona
1108 3093 1134 3142 et
1146 3089 1176 3142 in
1187 3106 1250 3143 omn

207 3190 211 3199 ²
297 3179 345 3228 dae
357 3181 498 3240 peccatum,
509 3175 622 3237 dicitque
631 3173 706 3223 etiam
715 3185 806 3222 corru-
858 3169 1250 3244 cessoribnerectciineousqne

297 3265 367 3324 ptam
384 3263 418 3312 oh
438 3261 565 3325 propriam
583 3259 731 3322 originalem
748 3259 805 3307 cut·
857 3257 1208 3312 riamiomconserootosit.
1228 3260 1250 3312 li

299 3359 378 3413 pam,
401 3345 588 3409 atqueexinde
611 3342 688 3392 iniert
707 3342 807 3394 caruem
860 3345 921 3393 cont
934 3355 951 3392 a
965 3339 1096 3411 Greporio
1117 3359 1145 3395 se
1163 3341 1249 3396 haber

298 3431 390 3483 Christi
403 3430 480 3482 inisse
492 3434 596 3495 peccato
616 3428 806 3493 ohnoxiamfln
859 3425 905 3478 itte
917 3423 994 3478 homo
1012 3427 1045 3479 oh
1063 3428 1122 3496 ipsu
1140 3436 1248 3498 concept

297 3518 377 3580 priori
388 3517 484 3567 scilicet
495 3528 579 3567 sensu.
590 3515 630 3564 En
651 3514 707 3564 eius
720 3512 806 3564 sertim
859 3525 908 3564 nna
915 3511 1024 3581 proriae
1032 3519 1057 3566 et
1066 3513 1192 3566 veritatis
1199 3515 1250 3582 fuel

299 3597 333 3653 Si
342 3604 498 3670 quaeretur:
511 3612 547 3651 on
559 3611 622 3651 caro
636 3593 738 3650 Christi
745 3596 806 3665 fne-
858 3600 965 3649 tantem
989 3593 1081 3649 hchne't
1104 3596 1250 3665 sapientior

295 3686 334 3739 rit
346 3685 463 3738 vinonio
471 3688 597 3754 peccato,
619 3693 747 3736 concam
760 3694 806 3734 ro-
859 3680 957 3748 asperi
966 3694 1019 3733 non
1033 3684 1150 3749 peterat,
1164 3687 1197 3736 nt
1208 3696 1250 3737 mn

299 3785 373 3824 rssr
385 3769 434 3824 hoc
444 3784 540 3837 eamn,
557 3766 587 3821 id
606 3772 718 3820 eatcoro
736 3778 806 3835 qaue
859 3764 1145 3818 ctoritatestestcntor.

300 3859 337 3906 est
352 3853 459 3907 Chresti
473 3851 557 3906 Falso
572 3866 637 3903 vero
654 3850 703 3904 hoc
718 3849 806 3901 modo:
893 3853 997 3900 Possem
1010 3852 1134 3900 eiusmodi
1155 3859 1250 3904 auctor

300 3938 576 4007 carcinChristosnit
585 3934 806 4008 mrrnptu.·.Nec
858 3939 945 4001 logum
972 3939 1017 4001 qui
1046 3939 1171 4001 originale
1197 3956 1250 4004 poci

298 4032 402 4081 canton
415 4024 681 4094 mundatasue'tcuro
705 4020 808 4075 Christi
860 4036 936 4071 carne
948 4028 974 4071 et
995 4025 1203 4086 concupiscentia
1218 4042 1250 4092 ,q

298 4111 328 4163 in
349 4109 532 4178 conceptione,
544 4107 683 4162 sedetiam
702 4105 809 4174 reinna
861 4107 926 4157 ratio
939 4107 1086 4172 porricitur,
1108 4110 1250 4160 constituo

297 4207 362 4248 aare
387 4191 504 4263 Vt'tpt'nt's
517 4226 526 4262 2
538 4192 574 4246 ‘in
585 4205 641 4262 qne
651 4195 689 4248 eat
701 4188 807 4246 omnino
860 4191 915 4256 gius
926 4192 1117 4257 protrahere3at
1127 4206 1195 4257 opus
1204 4209 1250 4247 nor
