2828 4904
289 425 378 496 mini,
392 429 525 492 notura,
542 436 605 479 non
622 415 715 502 culpo
732 413 788 502 ll).
810 416 939 494 Quibus
955 415 1063 482 verbis
1079 419 1246 504 originalis
1263 445 1360 488 noxae

289 524 475 590 immunitas
492 521 525 585 in
538 519 604 585 solo
616 520 744 585 Christo
756 521 972 607 praedicatur,
987 530 1083 608 atque
1100 525 1285 591 immunitas
1299 531 1361 592 Ma·

290 629 352 693 tris
366 649 385 692 a
399 631 529 713 peccato
551 625 752 709 conceptioni
769 623 889 688 Christi
907 625 1123 691 adiudicatur.

217 779 223 788 .
290 756 294 763 ·
353 758 356 763 ·
377 732 485 816 Atque
496 729 575 793 haec
588 727 665 792 satis
679 728 743 791 sint
754 738 958 793 monumenta
975 749 1016 794 ex
1032 730 1224 816 antiquitate
1238 734 1366 797 arcessi·

290 837 333 909 ta,
340 827 461 917 quibus
473 835 711 916 oppugnatores
722 828 920 893 immaculati
928 829 1072 914 Virginis
1081 829 1263 918 Conceptus
1277 833 1365 897 inniti

289 932 433 999 solebant
450 928 510 1018 (dli
529 933 620 1011 Quae
644 931 728 995 enim
752 923 821 995 ti'im
844 954 862 996 a
885 931 1121 1018 posterioribus
1144 934 1364 1014 Pontificibus,

290 1044 360 1102 lum
376 1058 395 1102 a
411 1035 617 1104 Scholasticis
628 1036 702 1121 ‘peti
718 1043 960 1112 consueuerant,
973 1057 1048 1100 curn
1063 1037 1215 1123 epocham
1227 1048 1367 1124 praeter·

289 1140 490 1226 gradiantur,
513 1140 547 1203 in
574 1160 639 1226 qua
668 1145 780 1202 exorta
805 1146 854 1202 est
871 1140 1098 1218 controversia,
1117 1161 1154 1204 ea
1170 1142 1268 1206 missa
1296 1141 1367 1206 faci-

288 1265 372 1324 mus,
389 1244 511 1331 quippe
542 1263 626 1327 quae
653 1241 761 1305 minus
790 1239 856 1319 fini,
873 1263 968 1327 quem
993 1242 1084 1306 nobis
1108 1245 1364 1330 praestituimus,

292 1354 485 1433 opportuna.

377 1447 511 1510 Interim
540 1445 619 1510 nihil
646 1466 758 1510 eorum
787 1445 1071 1524 dissimulavimus,
1090 1455 1127 1511 ut
1154 1455 1252 1534 patet,
1283 1471 1363 1535 quae

288 1552 361 1639 piae
385 1550 561 1615 sententiae
576 1549 802 1637 quoquomodo
819 1551 979 1614 contraria
996 1571 1066 1614 esse
1083 1558 1248 1636 apparent,
1267 1573 1362 1638 quae-

288 1652 587 1743 queimpedimento
596 1661 665 1718 esse
674 1652 835 1731 videntur,
845 1655 1017 1746 quominus
1026 1653 1153 1719 decerni
1160 1655 1364 1740 possit,utea

288 1767 451 1845 tamquam
462 1756 619 1823 credenda
630 1779 671 1822 ex
683 1756 744 1821 lide
755 1763 964 1843 proponatur.
973 1757 1092 1821 Eadem
1105 1758 1201 1821 animi
1214 1758 1362 1843 ingenui·

289 1870 354 1926 tate
366 1882 403 1925 ea
415 1881 622 1946 exponemus,
632 1881 715 1945 quae
728 1859 768 1922 ab
781 1860 822 1922 iis
834 1859 942 1923 afferri
955 1859 1108 1937 adsolent,
1123 1861 1180 1945 qui
1192 1861 1264 1945 piae
1280 1883 1360 1924 com-

288 1964 443 2049 munique
460 1963 635 2027 sententiae
659 1962 912 2047 patrocinantur,
936 1969 974 2026 ut
995 1961 1096 2026 lector
1111 1962 1152 2026 ob
1169 1963 1283 2028 oculos
1308 1964 1358 2028 ha·

290 2066 364 2131 beat
375 2065 475 2132 veluti
487 2065 520 2128 in
534 2064 643 2130 tabula
655 2065 819 2152 synoptica
833 2065 1009 2151 utriusque
1018 2065 1129 2154 placiti
1141 2062 1362 2131 fundamenta·

627 2294 883 2366 CAPUT
928 2295 1032 2365 viil.

244 2485 248 2492 ¹
292 2517 504 2565 incuuarre
527 2515 750 2563 riiuoiooici
767 2515 811 2560 nu
831 2517 1082 2564 innocuiuuiii
1107 2516 1358 2562 immicoiirin

425 2625 453 2667 a.
472 2621 624 2668 vinciris
655 2619 921 2666 concurrioniiii
946 2621 1089 2666 irruam
1115 2620 1237 2666 soiirn

80 2839 236 2900 Argumenta
380 2809 519 2875 Tametsi
535 2809 576 2874 ad
593 2829 734 2895 scopum,
743 2830 838 2896 mein
856 2809 947 2873 uobis
964 2808 1056 2873 initio
1072 2807 1314 2895 proposuimus,
1324 2808 1365 2871 in-

63 2908 215 2971 ¹b⁰⁰¹⁰8¹⁰³·
292 2913 442 3001 quirendi
471 2912 593 2977 scilicet
621 2913 653 2976 in
681 2911 897 2989 fundamenta,
911 2912 1030 2999 quibus
1056 2911 1240 2999 superstrui
1268 2911 1365 2998 possit

293 3018 472 3104 dogmatica
484 3016 523 3081 de
536 3017 738 3081 immaculato
755 3015 866 3081 beatae
878 3017 1023 3102 Virginis
1032 3016 1194 3102 Conceptu
1212 3015 1365 3092 definitio,

292 3123 399 3186 minus
415 3106 584 3187 conserunt
601 3128 800 3206 argumenta,
813 3141 896 3207 quae
912 3141 998 3184 mere
1011 3119 1188 3204 theologica
1201 3127 1366 3193 vocantur,

291 3224 498 3291 nihilominus
526 3245 600 3290 cum
617 3232 756 3309 utraque
780 3245 853 3310 pars
877 3224 1072 3308 litigantium
1089 3244 1126 3287 ea
1155 3223 1270 3288 afferre
1300 3244 1367 3287 con-

261 3346 264 3350 ’
292 3329 444 3406 sueverit,
469 3329 599 3392 minime
626 3324 852 3411 illa'dusimus
880 3326 1124 3414 praetereunda.
1157 3330 1265 3412 Atque
1284 3332 1323 3391 ut
1338 3323 1368 3389 fi-

291 3453 363 3496 nem
378 3452 490 3495 eorum
507 3428 675 3509 faciamus,
693 3452 777 3516 quae
794 3430 978 3517 exponenda
995 3452 1035 3493 ex
1053 3429 1185 3495 adversa
1202 3437 1295 3514 parte
1319 3450 1367 3492 su·

291 3535 462 3623 scepimus,
471 3534 632 3621 reliquum
651 3543 710 3612 est,
721 3526 757 3598 ut
773 3534 924 3599 nonnulla
942 3535 1038 3599 etiam
1051 3555 1092 3598 ex
1107 3533 1168 3610 his,
1179 3554 1262 3618 quae
1279 3553 1366 3619 prae-

291 3640 386 3726 cipua
399 3637 510 3703 saltem
527 3637 644 3702 adduci
661 3639 772 3716 solent,
791 3639 927 3726 carptim
943 3658 1188 3725 persequamur.

71 3738 240 3789 Primumdu—
378 3748 424 3807 Ac
441 3743 544 3830 primo
568 3740 698 3828 quidem
713 3750 823 3820 contra
843 3743 928 3828 piam
945 3741 1133 3807 senteutiam
1150 3727 1297 3805 doctriua
1315 3761 1365 3805 ur·

65 3809 239 3872 sumptumab
540 3846 547 3860 ,
629 3837 632 3845 .
892 3847 898 3861 ,
1001 3846 1074 3860 ,,
1157 3846 1164 3859 ,

85 3878 220 3931 ,mimmii
292 3857 387 3934 getur
409 3847 588 3934 dogmatica
605 3845 644 3910 de
662 3848 811 3932 originali
836 3846 918 3910 labis
941 3846 1137 3910 derivatione
1154 3867 1188 3908 iii
1205 3865 1314 3909 omnes
1332 3865 1365 3907 ac

327 4046 362 4114 (1)
379 4049 438 4113 Cap.
449 4043 475 4114 3,
493 4048 553 4111 aiii.
563 4046 679 4097 Ballerin.
692 4047 740 4096 col.
755 4042 799 4099 70.
853 4047 951 4096 modius
963 4045 1105 4108 afferemus,
1118 4056 1176 4090 cnm
1189 4039 1362 4091 videlicetad-

327 4124 469 4200 (2)Cetara,
478 4133 496 4180 si
507 4145 570 4197 qnae
581 4138 800 4198 supersunt,coni·
853 4145 939 4182 versus
950 4130 1089 4180 launoium
1104 4140 1143 4176 res
1157 4125 1228 4175 nobis
1241 4127 1300 4176 erit.
