2828 4904
744 360 788 374 -
807 324 872 393 120
890 361 934 375 -

215 460 218 465 ’
301 443 429 528 regulas
446 441 485 536 ab
501 463 538 506 eo
561 442 769 530 praestitutas
785 444 944 530 negligere
961 444 1140 525 voluimus,
1160 456 1197 512 ut
1213 469 1266 513 res
1282 449 1368 536 liqui·

302 547 374 610 dior
390 547 575 633 firmiorque
591 547 748 614 eraderet.

389 652 441 716 Sic
471 672 566 738 porro
597 653 789 740 opusculum
820 674 916 718 suum
942 654 995 718 cui
1024 654 1155 718 titulum
1180 653 1259 722 lecit
1283 657 1366 723 Proe
1405 650 1408 711 l

298 760 476 842 scriptiones
498 757 533 819 de
563 769 709 844 conceptu
738 759 778 821 B.
803 748 926 821 Murice
955 755 1087 842 Virpircis
1112 757 1153 843 (l)
1181 760 1384 825 exorditurr’

113 879 245 930 tractatus
301 882 315 916 o
336 858 378 924 Ut
400 859 592 922 enunciatur
614 860 761 945 quaestio
791 858 829 923 (le
853 859 1057 944 conceptione
1086 861 1122 924 Β.
1148 860 1317 946 Virginis,
1337 880 1363 927 et

70 947 185 999 ¹¹⁰⁰⁰¹¹
291 960 443 1025 ¹methodo
465 965 498 1025 et
520 960 654 1039 ratione,
678 982 761 1047 quae
783 960 906 1025 iudicio
929 960 968 1023 ab
996 960 1142 1025 Ecclesia
1155 962 1300 1048 'quando
1323 985 1362 1029 ro
1401 994 1408 999 ·

251 1049 253 1055 ’
291 1064 395 1128 luerit
411 1063 542 1129 ferendo
559 1064 728 1150 suffragari
745 1065 856 1150 possit,
873 1063 1097 1150 expendendae
1113 1076 1189 1130 sunt
1213 1087 1251 1131 ae
1275 1068 1361 1133 oculi
1400 1087 1408 1090 ·

205 1181 208 1190 ·
291 1168 517 1232 subiiciendae
534 1174 791 1256 praescriptiones
819 1167 992 1255 quaedam,
1017 1175 1055 1233 ut
1082 1169 1295 1251 Tertulliani,
1318 1172 1359 1259 qui
1392 1191 1408 1219 ¹

298 1275 343 1337 sic
367 1273 487 1337 librum
509 1272 668 1359 quendam
690 1274 891 1359 conscripsit,
914 1272 1012 1339 verba
1035 1293 1223 1360 usurpem»

83 1407 247 1470 mppr,
388 1403 404 1436 a
431 1378 640 1465 Praeseriptic
656 1383 775 1465 >prime
800 1379 954 1456 Quaestio
970 1377 1009 1442 de
1026 1378 1240 1465 Conceptione
1262 1380 1361 1445 etalii
1390 1426 1408 1434 -

71 1479 92 1527 ¹·
298 1481 462 1569 quaelibet
477 1482 517 1548 ad
532 1482 738 1547 christianam
761 1481 948 1567 religionem
965 1482 1127 1568 pertinens
1137 1483 1363 1570 explicandaet
1389 1516 1408 1538 ·

218 1581 221 1585 ¹
300 1587 449 1653 solvenda
460 1597 508 1652 cst
520 1605 561 1652 ex
574 1587 742 1673 Scriptura
755 1608 845 1652 sacra
861 1595 894 1651 et
913 1587 1084 1652 traditione
1096 1587 1264 1654 Ecclesiae
1274 1589 1366 1655 catha·

300 1689 399 1769 licae,
425 1713 507 1778 quae
532 1680 663 1756 traditio
690 1698 814 1755 constat
848 1699 1030 1756 sanctorum
1058 1692 1194 1757 Patrum
1216 1692 1365 1758 verbisst
1391 1705 1408 1715 “

300 1795 530 1874 Conciliorum,
553 1816 610 1882 per
633 1795 837 1861 succedentia
861 1795 923 1859 sibi
947 1794 1065 1872 secula,
1090 1794 1130 1860 ad
1151 1795 1237 1861 illud
1255 1805 1365 1885 tempus

300 1918 404 1983 usque
426 1918 500 1962 cum
524 1898 657 1985 definitio
680 1895 795 1975 fertur,
821 1906 877 1962 aut
900 1897 970 1962 lieri
993 1896 1087 1961 debet
1101 1921 1129 1960 n.

82 2024 248 2089 Praescrtprto
389 2003 540 2069 Subiecta
563 2001 676 2067 deinde
695 2008 938 2090 praescriptione
966 2000 1122 2080 secunda,
1153 2001 1195 2067 de
1218 2025 1286 2090 qua
1310 2020 1366 2070 met
1388 2006 1408 2045 ¹¹

71 2095 117 2145 ¹¹¹·
299 2106 516 2185 disseremus,
548 2106 637 2172 addit
659 2111 934 2194 praescriptionem
968 2106 1095 2169 tertiam
1122 2104 1173 2169 his
1196 2106 1309 2172 verbis
1327 2129 1364 2172 er·
1391 2094 1408 2175 ‘l

297 2231 456 2298 pressam:
472 2234 486 2270 a
506 2211 553 2276 Ne
570 2210 666 2275 detur
682 2210 785 2274 errori
799 2209 898 2286 locus,
916 2208 1095 2273 necessaria
1111 2216 1160 2272 est
1171 2214 1356 2298 praescripti

231 2381 234 2386 ,
298 2313 465 2399 superior3
490 2312 586 2377 cuius
608 2312 781 2376 necessitas
805 2310 938 2375 ducitur
960 2331 978 2372 e
1001 2309 1052 2374 ria
1075 2331 1112 2374 ac
1134 2310 1270 2375 ratione
1292 2326 1358 2398 qun
1394 2366 1408 2400 ¹

296 2417 371 2480 iniit
401 2416 580 2481 Concilium
616 2415 818 2479 llorentinum
846 2414 880 2477 in
915 2411 1101 2477 deliniendis
1131 2411 1363 2499 quaestionibus
1391 2458 1395 2491 e

296 2519 372 2598 illis,
397 2542 479 2607 quae
502 2518 679 2584 'Ecclesiam
703 2539 848 2603 graecam
872 2539 909 2583 ac
932 2516 1062 2581 latinam
1087 2517 1122 2581 in
1143 2517 1258 2582 varias
1279 2523 1366 2606 parta
1390 2510 1394 2523 ¹

298 2623 527 2688 distrahebant.
546 2624 583 2687 In
599 2641 636 2686 eo
652 2621 794 2686 Concilio
807 2628 963 2686 statutum
979 2631 1038 2699 est,
1056 2642 1169 2688 eorum
1185 2618 1367 2709 scriptorum

300 2728 523 2791 auctoritatem
538 2724 760 2811 respuendam,
779 2725 836 2811 qui
858 2746 877 2788 a
905 2725 1028 2805 Nicolai
1051 2726 1064 2787 l
1088 2725 1214 2788 romani
1240 2720 1367 2813 episcop·

300 2850 337 2895 ac
361 2830 465 2895 Photii
491 2829 821 2916 constantinopolitani
838 2827 1038 2915 patriarchae
1055 2827 1259 2912 temporibus
1271 2828 1369 2893 florus

297 2941 393 2999 runt:
426 2954 462 2995 ea
486 2932 570 2996 enim
593 2939 696 2998 aetate
723 2932 859 2997 schisma
881 2939 988 2996 ertum
1016 2936 1075 2995 est.
1100 2931 1148 2994 lta
1172 2926 1397 3018 relinquendi...

300 3049 375 3103 sunt
404 3040 575 3125 scriptores
598 3039 657 3117 illi,
677 3039 734 3125 qui
751 3061 769 3102 a
789 3058 851 3102 sec.
876 3039 955 3102 Xlll
981 3037 1114 3121 vixere;
1137 3059 1204 3124 quo
1237 3046 1364 3124 tempore
1403 3132 1408 3157 1

299 3272 619 3330 cessereannumlbhdret
637 3278 712 3329 Sotus
725 3279 806 3340 magni
859 3283 884 3326 et
895 3269 1363 3343 plausuesseexceptam,seqnesssstr

298 3361 429 3424 theologus
447 3363 562 3429 nominis,
575 3365 617 3427 qui
630 3363 741 3413 Concilio
761 3364 806 3411 ad·
859 3364 928 3411 niilli
947 3361 1065 3411 adfuisse.
1084 3360 1248 3423 Quapropter
1270 3360 1360 3423 quisque

299 3445 357 3512 luit,
370 3460 424 3494 eam
436 3453 615 3497 commemorat
627 3449 652 3496 in
673 3447 806 3497 Commen-
858 3447 968 3496 fateatur
995 3458 1098 3495 necessa
1120 3449 1176 3512 est,
1199 3445 1240 3495 vel
1260 3445 1311 3507 ipse
1327 3436 1360 3503 qni
1401 3478 1406 3483 -

297 3534 346 3580 tur.
365 3532 396 3580 ad
408 3531 480 3581 Rom.
501 3530 660 3600 dntwsrplte
677 3532 747 3581 edito
764 3544 806 3580 an.
859 3521 1005 3579 Tractatum
1018 3529 1089 3578 illum
1106 3529 1184 3593 notis,
1204 3534 1232 3578 et
1249 3526 1325 3577 omnia
1338 3535 1361 3570 e·
1397 3546 1408 3575 a

298 3607 435 3679 t550,·aoc
447 3620 486 3664 est
502 3616 578 3678 paule
596 3619 651 3678 post
670 3616 804 3665 sessionem
856 3615 894 3663 lus
915 3614 1025 3663 auctoris
1042 3625 1119 3676 opera
1140 3613 1253 3674 generali
1276 3606 1359 3674 praela·
1394 3629 1408 3663 ρ,

298 3685 571 3762 quintamtrideatln'as
583 3699 678 3761 synodi
696 3699 805 3756 habitam
858 3700 927 3748 tlone
949 3693 1036 3764 auxit,
1053 3696 1196 3746 hauneium
1218 3691 1361 3758 impuleris

299 3781 340 3831 dle
355 3776 398 3832 17.
416 3782 485 3831 iunii.
509 3796 550 3832 an.
572 3777 650 3833 1546.
669 3783 804 3831 Praeterea
857 3783 918 3831 sime
930 3782 1123 3844 turpissimeque
1144 3782 1290 3831 mentitum.
1307 3777 1358 3827 llas·

299 3865 448 3930 perillustris
467 3866 599 3930 theologus
611 3859 760 3916 Catharinus
778 3866 804 3915 in
858 3865 1175 3917 tenusltenedictusxlv'.

299 3949 419 4000 Tractatu
431 3946 472 4000 De
491 3945 660 4001 inmaculata
673 3945 804 4017 Correptio
891 3945 925 4014 (1)
944 3950 1008 4013 0pp.
1027 3951 1089 3999 edit·
1115 3949 1239 3998 Coloniae
1258 3948 1360 3999 Allobro
1391 3975 1408 4007 5,

254 4095 256 4099 y
300 4029 611 4087 Romaeeditoan.l551
636 4035 730 4092 scribit.
750 4048 805 4085 enm
858 4025 1408 4099 ιςιιιιῑ1731ΛόιιῆῑΗάῌ.ΜΞχ.1

301 4120 397 4168 decreti
409 4123 516 4182 partam,
533 4129 582 4180 qua
595 4118 623 4165 a.
644 4118 723 4167 Maria
741 4119 810 4166 erci—
862 4132 932 4183 seqq.

304 4204 381 4270 phur,
400 4209 496 4253 summa
514 4201 627 4251 omnim
647 4202 810 4252 consensione
