2828 4904
749 336 875 408 -160
891 373 936 393 -·

301 453 434 536 cedunt,
450 451 507 542 ills
522 455 697 543 exceptitio
716 478 814 526 sensu
829 457 938 546 quoad
954 459 992 525 B.
1009 459 1159 548 Virginis
1181 463 1380 532 nativitatem

297 583 368 628 esse
390 558 589 648 usurpanda.
607 561 671 626 Par
686 561 772 627 enim
791 568 841 627 est
862 562 958 628 ratio.
984 564 1124 631 Necesse
1147 575 1325 653 praeterea
1337 574 1381 636 est

297 663 407 745 lateri,
422 665 536 730 Patres
553 686 700 752 quoque,
717 667 776 754 qui
790 688 809 733 a
828 667 938 733 seculo
952 667 1118 736 Ecclesiae
1134 670 1257 758 quinto
1279 672 1377 740 catio

296 768 398 835 licum
420 767 534 856 dogma
550 776 662 834 contra
677 768 862 856 pelagianos
885 780 1150 859 propugnarunt,
1170 775 1303 863 quique
1318 798 1377 865 pre
1406 802 1410 847 ;

298 873 475 962 positiones
506 872 705 939 universales
728 873 768 940 de
797 874 947 942 omnibus
973 877 1160 943 bominibus
1183 889 1322 966 peccato
1339 870 1410 1031 irc

213 1022 216 1030 -
298 976 393 1044 fectis
416 998 434 1042 a
457 985 615 1065 conceptu
638 985 671 1043 et
687 984 763 1044 ortu
787 1001 847 1045 suo
869 980 1125 1062 constituerunt,
1150 982 1244 1048 illam
1266 984 1397 1072 pariter.-¹

300 1081 521 1171 exceptionem
543 1104 603 1171 pro
622 1084 660 1148 B.
677 1083 823 1170 Virginis
838 1084 1059 1172 conceptione
1077 1087 1256 1174 recepisse3
1273 1090 1323 1155 uti
1336 1087 1410 1172 rell

300 1209 378 1256 vera
400 1188 473 1276 ipsi
488 1187 721 1277 aequiparibus
738 1188 861 1256 alicubi
879 1189 1005 1272 verbis,
1022 1191 1145 1258 alicubi
1159 1215 1243 1261 vero
1260 1187 1410 1284 expreelf

303 1294 349 1360 sis
376 1294 563 1382 apertisque
584 1312 747 1380 recepere.
1385 1276 1410 1365 ,ll

107 1423 253 1489 mmm.
392 1397 481 1463 Ex''
458 1419 500 1462 ns
512 1418 596 1483 quae
610 1397 826 1484 praeiecimus
838 1396 1055 1467 fundamentis
1067 1400 1160 1468 nobis
1178 1401 1307 1490 absque
1320 1403 1367 1469 uls
1385 1358 1410 1441 l·

70 1501 127 1548 ‘⁸¹¹⁰
144 1497 255 1549 instrict-
304 1501 524 1570 dubitationis
532 1500 665 1587 ambage
681 1512 924 1590 argumentum,
947 1505 1036 1592 quod
1054 1527 1073 1570 a
1088 1512 1208 1573 minori
1231 1506 1275 1572 ad
1289 1514 1389 1574 mesu
1385 1446 1410 1553 li

72 1569 254 1692 liliffldwa
304 1607 477 1687 dicitur‚'
467 1608 545 1673 rure
563 1606 750 1673 concludi
739 1629 774 1673 m
797 1629 866 1675 rem
887 1617 1030 1675 nostram
1051 1631 1147 1699 posse
1174 1609 1321 1678 videtur.
1338 1610 1377 1719 lts
1388 1607 1410 1650 l

72 1709 178 1788 ΨΜ
195 1723 253 1763 Μ·
304 1714 389 1780 enim
403 1732 521 1778 rursus
543 1712 786 1778 ratiocinamur:
803 1713 911 1800 potuit
927 1734 964 1778 ac
986 1720 1093 1802 potest
1114 1714 1271 1780 Ecclesia
1294 1714 1405 1781 trad·
1375 1676 1410 1757 ³¹

71 1791 114 1831 ω
304 1818 385 1885 tioni
401 1817 513 1883 innixe
532 1817 701 1884 ceritatem
722 1816 866 1905 aliquam
887 1817 1067 1905 dogmatice
1086 1817 1245 1901 delinire,
1266 1818 1371 1887 etiami

302 1921 393 1988 nulla
408 1920 513 1987 eidem
524 1920 778 2008 comprobandae
789 1922 921 1990 veritati
933 1921 1053 1990 biblica
1065 1923 1297 2012 suffragentur
1307 1922 1370 1992 test

298 2025 416 2105 monia,
429 2025 526 2090 immo
543 2025 690 2113 quamvis
703 2025 868 2091 interdum
883 2026 1036 2093 nonnulla
1048 2026 1113 2115 ipsi
1124 2027 1161 2092 in
1178 2026 1370 2116 speciemsl
1409 2032 1410 2068 i

298 2129 423 2198 versari
444 2129 629 2214 videantur3
652 2136 691 2195 ut
711 2152 753 2196 ex
776 2129 918 2198 adducto
939 2138 1028 2220 petet
1043 2131 1194 2219 exemplo
1217 2132 1264 2200 de
1287 2133 1368 2201 relus
1397 2131 1410 2173 l

299 2234 452 2324 baptismi
468 2233 508 2300 ab
525 2234 699 2301 haereticis
722 2235 849 2316 colluti,
873 2234 913 2300 de
936 2256 1002 2322 quo
1024 2256 1065 2301 ne
1087 2233 1238 2303 faventia
1266 2236 1410 2385 quida
1397 2234 1405 2277 l

300 2339 464 2407 anteriore
496 2340 632 2405 Patrum
656 2347 863 2406 monumenta
892 2339 1053 2427 Stephano
1080 2360 1217 2406 romano
1246 2318 1410 2411 Postiltll

299 2443 525 2532 suppetebant·
538 2464 612 2509 cum
629 2442 795 2509 decretum
814 2442 918 2510 edidit
936 2465 1033 2509 suum
1046 2443 1162 2531 ,quod
1178 2441 1351 2532 posthac
1330 2436 1410 2507 iri«.l

300 2567 399 2615 caena
426 2546 574 2638 Synodns
603 2548 812 2616 confirmavit.
836 2548 948 2614 Potuit
974 2548 1052 2614 item
1079 2555 1112 2612 et
1139 2556 1258 2636 potest
1285 2546 1368 2615 Eccle

301 2655 349 2719 sia
371 2652 525 2741 explicite
547 2652 707 2739 profiteri,
726 2661 759 2718 et
781 2673 858 2719 vero
880 2653 995 2732 etiam,
1016 2673 1044 2716 ει
1034 2651 1095 2717 id
1115 2653 1160 2717 sit
1178 2651 1273 2719 facto
1290 2671 1394 2740 opus,

300 2756 480 2845 dogmatico
507 2756 632 2821 sancire
653 2754 793 2836 decreto,
810 2762 922 2843 utpote
938 2756 1240 2823 controversiarum
1257 2758 1394 2853 ἰιιιίιιιιῗ

302 2861 433 2928 Christo
448 2860 611 2940 instituta,
625 2859 766 2947 aliquam
782 2860 962 2940 veritatem,
972 2880 1055 2948 quae
1066 2860 1229 2949 implicite
1242 2885 1280 2928 ac
1290 2855 1392 2928 velub'

301 2967 336 3033 iu
359 2965 480 3032 semine
503 2965 538 3030 in
553 2963 654 3030 altera
676 2965 893 3044 contineatur,
910 2987 969 3030 seu
990 2965 1175 3031 necessario
1199 2988 1292 3033 nexu
1312 2981 1390 3030 cun

203 3062 204 3066 ¹
300 3093 339 3137 ea
362 3068 545 3159 copuletur,
569 3069 716 3156 quamvis
739 3066 844 3134 eidem
867 3068 1020 3134 nonnulla
1039 3070 1175 3134 Patrnm
1193 3071 1293 3136 effato
1312 3088 1367 3134 ocu

301 3174 402 3240 traria
418 3194 489 3240 esse
511 3172 704 3256 videantur3
721 3173 891 3238 utiterum
906 3172 1011 3260 liquet
1026 3195 1067 3238 ex
1091 3172 1194 3239 altero
1211 3173 1300 3262 quod
1312 3191 1368 3260 pro

303 3277 438 3344 tulimus
462 3277 610 3365 exemplo
632 3276 740 3365 quoad
763 3277 866 3343 sancti
890 3276 1010 3344 lavacri
1032 3277 1175 3344 valorem
1200 3278 1243 3343 ab
1267 3272 1368 3343 infideli

302 3382 430 3448 bomine
452 3380 679 3447 administrati.
696 3384 843 3447 Rursum
865 3382 973 3469 potuit
994 3403 1032 3447 ac
1047 3389 1154 3470 potest
1172 3383 1328 3461 Ecclesia,
1340 3378 1366 3443 li·
1396 3396 1410 3455 ²2

301 3493 353 3552 cet
365 3486 479 3551 Patres
494 3485 591 3550 etiam
603 3492 701 3572 atque
721 3485 894 3572 scriptores
911 3485 1121 3551 ecclesiastici
1137 3486 1228 3551 inter
1240 3507 1274 3552 se
1289 3481 1367 3551 collu
1386 3470 1410 3563 l

299 3587 382 3655 ctari
395 3587 685 3674 deprehendantur,
704 3595 815 3675 utpote
834 3587 1003 3654 inerrabili
1018 3588 1208 3676 magisterio
1221 3587 1366 3677 proediis,
1402 3586 1410 3627 ³·

299 3695 468 3763 veritatem
484 3694 627 3782 aliquam
642 3694 821 3780 dogmatice
836 3693 1019 3780 decernere3
1036 3697 1087 3762 uti
1109 3696 1240 3784 pariter
1262 3696 1366 3762 constat

298 3799 555 3866 luculentissime
578 3821 619 3864 ex
646 3799 780 3886 prolatis
810 3800 964 3887 exemplis
993 3808 1063 3866 tum
1092 3800 1133 3866 de
1158 3799 1362 3868 visionem
1408 3844 1410 3849 -

243 3891 246 3899 ¹
300 3904 387 3972 tilica
398 3904 459 3970 Dei
476 3904 622 3991 proxime
639 3901 679 3967 ab
696 3902 789 3969 obitu
805 3904 1028 3991 consequenda
1045 3903 1084 3970 de
1098 3925 1164 3992 qua
1176 3904 1269 3972 docti
1286 3902 1365 3972 diss

300 4008 519 4098 ptaruntvir13
534 4015 601 4072 tum
616 4006 655 4073 de
668 4007 812 4094 coniugii
825 4007 984 4074 solutione
1000 4029 1074 4081 cum
1090 4007 1255 4075 alteruter
1267 4006 1370 4076 coniux
1408 4064 1410 4069 .

300 4111 440 4178 infidelis
462 4108 503 4175 ed
520 4109 642 4176 Christi
664 4109 818 4176 vexillum
836 4110 970 4196 transit3
989 4118 1058 4176 tum
1082 4110 1192 4176 denuo
1216 4111 1258 4178 de
1281 4109 1374 4178 cunin

302 4217 350 4308 gii
372 4217 435 4290 rati
450 4216 583 4307 quidem
598 4222 631 4282 at
651 4236 715 4281 non
730 4216 943 4282 consummati
967 4215 1128 4284 solutione
1150 4216 1204 4283 ob»
1220 4217 1377 4286 solemnes
1407 4278 1410 4287 .
