2828 4904
124 1958 308 2063 pnrvum
343 1972 481 2039 tantae
511 1956 725 2038 Maiestati
758 1956 918 2068 offerre
948 1983 1080 2041 ausus
1100 1955 1200 2071 sue-

127 2090 225 2167 rim.
243 2086 300 2168 At
320 2115 443 2196 quam
462 2114 595 2196 neque
614 2090 664 2167 in
683 2115 761 2190 me,
778 2114 911 2196 neque
930 2091 979 2168 in
999 2116 1087 2171 meo
1104 2116 1202 2198 epu-

127 2217 243 2299 sento
267 2218 578 2328 deprehendere
598 2222 881 2302 excusationis
903 2225 1108 2302 rationem
1120 2246 1195 2328 po·

127 2352 305 2448 tui‚enm
320 2353 367 2430 in
382 2349 455 2449 Te,
465 2347 735 2430 anmsunv
748 2347 912 2450 Peren,
922 2367 1074 2457 tuaque
1087 2346 1197 2429 beni·

121 2484 282 2589 pnitute
302 2485 534 2590 comperire
549 2479 655 2559 mitt
675 2479 817 2559 datum
840 2495 901 2562 est
921 2479 1199 2561 cumulatissi-

126 2635 246 2692 mum.
275 2611 434 2718 Ecquis
454 2614 568 2692 enim
588 2615 753 2719 ipnarat
772 2626 928 2717 quanta
955 2610 1193 2705 elementia,

125 2756 360 2847 quantaque
381 2740 638 2821 humanitate
658 2738 836 2848 polleas,
858 2765 939 2847 qua
962 2766 1049 2819 non
1074 2735 1195 2816 mado

124 2895 307 2977 quaeqae
322 2870 421 2953 lieet
431 2873 608 2951 minima
621 2895 708 2949 nan
720 2869 919 2977 despicis,
941 2868 1013 2950 sed
1028 2865 1195 2948 beneva

121 2998 162 3080 lo
172 3005 315 3109 potius
326 2998 486 3112 favore
501 3000 801 3109 complecteris,
816 3025 1039 3106 eorumque
1059 3014 1195 3078 aucte

119 3154 190 3212 res
205 3129 263 3210 ad
279 3135 439 3212 maiora
454 3157 585 3237 usque
601 3128 859 3238 capessenda
874 3128 1073 3228 hortaris,
1085 3129 1195 3208 enci·

119 3275 199 3363 tas,
215 3259 487 3343 exstimulus?
505 3259 601 3361 Sed,
612 3274 657 3341 ut
677 3284 824 3341 verum
826 3253 990 3369 fatear,
1005 3283 1092 3335 nan
1107 3274 1193 3337 tam

120 3390 320 3493 studium,
338 3417 417 3500 qua
431 3389 550 3474 banis
573 3389 785 3471 hominum
807 3391 963 3498 caeptis
967 3382 1115 3498 faves,
1138 3386 1196 3466 ad

11 3532 13 3537 '
120 3520 168 3605 id
193 3548 258 3602 me
288 3520 475 3630 impulit,
507 3548 630 3629 quam
661 3519 753 3619 tlte,
783 3545 863 3627 que
887 3517 1196 3599 ardentissimo

114 3678 279 3763 semper
295 3679 437 3735 amere
457 3656 507 3733 in
522 3652 781 3764 Anpelvrum
805 3646 1010 3758 Repinam
1026 3647 1196 3760 flapra-

112 3787 180 3865 sti.
198 3781 334 3867 Prote
348 3789 461 3867 enim
487 3800 644 3867 norunt
663 3807 819 3880 omnes,
837 3796 996 3886 qrmntu
1014 3777 1195 3884 diiipen·

11 3898 14 3905 ’
112 3916 464 4001 tiaetindnstrta
485 3913 681 3998 eistadii
703 3915 789 3993 um
808 3909 909 3990 inae
928 3934 956 3986 a
987 3907 1192 3986 taeenti-t-

106 4044 185 4131 tus
198 4053 431 4133 annisnv'n
448 4028 681 4154 saium'per
701 4039 763 4125 Te
779 4037 878 4150 Ipse
894 4038 1135 4146 Deiparam
1153 4056 1196 4118 et

104 4184 369 4267 sanctissime
400 4175 691 4265 observaveris
722 4188 762 4253 et
777 4165 1110 4284 ferventissime
1137 4167 1199 4249 di-
