2828 4904
428 318 554 390 -203
571 356 616 372 -

96 449 226 547 emporis
252 453 439 521 intervallo:
457 477 529 520 nam
546 465 578 520 et
594 477 675 521 usus
697 455 848 543 loquendi
867 462 899 520 et
913 458 1060 535 materia,

96 585 104 628 a
131 565 260 649 agitur,
295 560 441 626 latiorem
470 560 555 624 bunc
580 580 709 624 sensum
742 559 837 624 laeile
867 559 1064 625 admittunt:

96 665 132 732 od
156 669 192 731 in
216 688 251 730 re
276 672 385 729 nostra
410 686 504 729 sescus
532 665 661 728 ornoino
685 685 719 728 se
743 663 849 728 babet.
872 664 966 742 Quod
990 685 1067 731 vero

96 791 203 835 tanum
219 768 406 835 Pontilicem
424 767 523 831 buius
540 767 679 831 nominis
695 775 844 832 octavum
862 768 991 846 attinet,
1009 769 1068 855 qui

119 875 206 960 regis
242 872 394 939 catholici
425 871 635 957 postulationi
664 872 804 949 restitit,
841 872 873 936 id
905 873 1068 939 enimvero

100 977 274 1042 cuiusdam
290 975 495 1041 oeconomiae
514 975 618 1060 gralia
638 973 753 1040 fecisse
776 974 959 1040 dicendum.
978 977 1069 1042 Cete-

96 1080 152 1146 rod
170 1088 335 1168 praestare
359 1080 469 1144 renuit
489 1077 652 1155 Urbanus
674 1077 837 1165 praestilit
860 1079 958 1165 paulo
981 1091 1067 1167 post·

96 1185 326 1263 ‚mulatissimm
351 1184 402 1248 uti
425 1183 577 1261 vidimus,
602 1182 785 1248 Alexander
804 1185 882 1262 Vll,
903 1205 921 1247 a
945 1205 1012 1271 quo
1034 1192 1067 1249 et

96 1290 292 1355 rllavicinius
307 1289 340 1353 in
358 1290 491 1353 Patrem
509 1286 732 1354 cardinalium
749 1289 921 1375 collegium
937 1296 1066 1376 coopta-

96 1405 114 1458 b

96 1518 297 1563 leoncussum
322 1495 426 1583 igitur
449 1503 622 1581 ratumque
646 1501 788 1574 maneat,
817 1493 1063 1563 fundamentum

95 1601 299 1687 ›raecipuum
326 1619 386 1687 pro
409 1599 463 1686 pia
486 1600 646 1664 sententia
669 1597 802 1679 dicitur,
819 1621 861 1665 ex
883 1599 959 1666 festi
983 1602 1064 1666 cele·

96 1727 122 1771 le
153 1706 386 1782 constitutum,
412 1723 476 1767 una
500 1724 575 1766 cum
605 1704 806 1789 argumentis
828 1703 967 1792 reliquis
994 1706 1063 1772 sive

96 1821 175 1876 tura
193 1811 260 1876 sive
281 1832 322 1875 ex
346 1807 519 1873 traditione
539 1807 730 1896 desumptis,
745 1831 804 1895 pro
824 1809 984 1897 singulari
1000 1811 1061 1879 boe

96 1938 135 1981 ae
159 1913 329 2002 privilegio
344 1914 378 1978 in
396 1933 455 1977 sua
472 1911 624 1978 firmitate
644 1912 834 1980 subsistere.

97 2019 162 2085 uod
186 2019 314 2084 demum
347 2025 471 2104 spectat
494 2016 534 2081 ad
557 2018 789 2103 congruentiae
814 2019 978 2100 rationes,
1003 2040 1062 2088 nos

96 2132 145 2190 iro
170 2122 249 2189 lassi
274 2144 387 2188 sumus
410 2121 482 2186 illas
499 2142 562 2186 non
587 2130 753 2209 praestare
777 2122 857 2189 sa'tis
879 2125 992 2190 ellicax
1013 2123 1067 2190 de·

96 2230 112 2294 i
136 2229 336 2316 dogmaticae
359 2224 623 2305 fundamentum,
646 2247 705 2292 nec
728 2227 792 2291 nisi
815 2229 1065 2314 persuasibilem

108 2333 302 2398 sententiam
331 2331 387 2396 cui
411 2332 642 2417 suffragantur.
669 2330 882 2399 Admittimns
906 2334 1064 2422 proinde,

96 2460 136 2503 on
161 2436 284 2524 absque
305 2444 556 2522 temperamento
579 2436 708 2523 aliquo,
733 2437 884 2503 Gereonii
908 2439 1062 2526 regulas:

96 2563 164 2607 nen
187 2543 258 2628 ipse
281 2563 322 2606 ex
345 2541 472 2628 prima,
497 2563 594 2628 quam
618 2540 867 2628 descripsimus,
896 2545 1066 2611 veritatem

96 2648 123 2714 le
144 2645 351 2712 immaculato
363 2646 509 2731 Virginis
527 2647 693 2735 Conceptu
707 2644 761 2736 (l).
775 2651 835 2713 Ast
847 2656 878 2714 et
891 2649 973 2715 illud
986 2649 1066 2716 adii·

96 2894 98 2923 l
111 2873 227 2925 Gersonil
248 2874 326 2924 verba
337 2886 369 2922 cx
381 2868 493 2923 undeni·
543 2884 607 2938 ergo
616 2884 705 2924 omnes
715 2871 893 2937 mortalitem,
901 2865 919 2924 2
928 2890 982 2928 eor.
993 2871 1019 2944 5,
1028 2872 1064 2929 14

96 2959 160 3008 ute«
177 2956 291 3008 Christos
304 2957 491 3019 praeservando
538 2957 604 3021 line,
615 2957 727 3023 inquam,
738 2964 916 3020 argumentum
926 2961 1012 3023 polius
1024 2970 1065 3015 est

99 3058 171 3095 suam
188 3044 220 3093 ab
238 3042 352 3105 originali
366 3056 437 3108 ‚non
456 3043 490 3093 ob
537 3044 569 3093 ad
587 3044 817 3108 oppositumaquia
838 3047 858 3094 si
878 3045 993 3096 Christus
1014 3045 1064 3095 luit

99 3129 275 3193 tdignitatem
292 3128 424 3190 aequalem
443 3127 490 3177 sibi
539 3127 652 3177 omnium
679 3126 877 3191 perfectissimus
905 3130 1062 3194 Redemptor

96 3213 1062 3283 mmmmmmmrmmmmmmmmm

96 3299 144 3364 elul
154 3298 269 3349 nonnulli
279 3297 431 3347 obiiciebant
442 3297 488 3347 ad·
536 3296 590 3346 enit
598 3296 668 3359 quod
680 3298 790 3348 Matrem
801 3298 983 3362 perfectissimo
991 3301 1062 3351 redl·

96 3376 1062 3447 mmmfflwmm.mmmmmmwmmw

97 3469 119 3517 ia
131 3481 270 3532 numquam
277 3466 391 3518 Christus
399 3467 489 3518 hahuit
535 3467 646 3518 nlenlius
658 3468 725 3535 llari,
743 3480 818 3533 quam
831 3470 1017 3531 praeservando
1029 3484 1062 3521 no

96 3557 142 3602 tem
152 3551 273 3614 originale
279 3556 413 3615 peecatum
424 3564 487 3602 con·
536 3551 639 3602 caderet
648 3583 657 3616 ‚
666 3550 751 3615 polius
765 3563 842 3614 qnam
854 3550 904 3600 iam
916 3551 1009 3614 lapsam
1022 3564 1065 3601 re-

107 3637 165 3701 quia
175 3649 226 3685 non
236 3635 366 3686 deseendit
385 3650 430 3699 per
442 3650 488 3686 na·
539 3636 752 3686 levaret-Veritas
761 3634 824 3685 haec
836 3634 972 3698 probabilis
982 3638 1022 3683 est
1034 3640 1060 3684 et

96 3721 300 3786 ›repagationem3
310 3728 442 3784 propterea
453 3736 491 3772 ra·
537 3722 593 3785 pina·
601 3734 676 3786 super
684 3733 760 3786 quam
770 3721 862 3770 mirum
870 3725 908 3770 est
919 3719 989 3783 quod
1001 3732 1063 3768 non·

97 3810 121 3856 la
129 3820 163 3856 ex
172 3807 219 3855 hac
241 3805 403 3873 aequalitate,
422 3808 491 3869 quod
541 3807 604 3857 nulii
617 3807 730 3858 volenles
751 3804 881 3868 Virginem
901 3802 1061 3854 benedictam

96 3892 199 3942 intrarit
222 3890 364 3956 originale,
387 3905 492 3954 prorsus
541 3905 617 3954 super
628 3888 1014 3955 limitesbonorarmpraedieant
1024 3889 1061 3938 ni·

96 3979 135 4042 da3
148 3977 262 4027 simililer
272 3981 298 4027 et
311 3977 389 4026 altera
405 3979 492 4044 ‚quod
531 3977 677 4031 ‚hilominus
687 3977 755 4042 quod
768 3968 893 4027 contraxit
906 3975 1028 4037 originale
1041 4006 1060 4041 „

96 4076 120 4111 tn
138 4060 284 4124 indiguisset
307 4062 491 4129 redemptione3
538 4061 607 4112 Edil.
618 4061 660 4112 cit.
672 4066 734 4112 tom·
746 4063 759 4111 l
772 4062 820 4112 eoi.
836 4054 898 4113 451.
917 4060 993 4109 Plura
1008 4058 1058 4120 aila

96 4142 1060 4215 ldmmmwmmomfflmmmffimmm

101 4228 417 4302 praeonominatum
435 4236 493 4303 ert,
539 4221 737 4286 samaddumre.

1116 1508 1298 1562 lneonrussum

1116 1583 1202 1630 manet
1222 1595 1299 1646 argu-

1128 1654 1243 1702 mentum
1254 1661 1287 1702 ex

1134 1718 1192 1770 sesti
1210 1722 1281 1774 celc-

1126 1789 1243 1845 bratteae
1253 1807 1299 1858 pe·

1161 1861 1239 1914 titum

1117 2334 1287 2388 Dlllleultalrs

1138 2407 1281 2457 rationibus

1117 2479 1302 2541 congruentiae

1128 2548 1244 2599 obiectae
1254 2550 1293 2600 ni-

1136 2618 1172 2669 bil
1185 2620 1216 2670 ad
1230 2633 1286 2670 rem

1128 2689 1292 2741 nestramt'a-

1176 2760 1249 2813 ciunt
