2828 4904
200 441 309 519 Quum
322 436 364 501 de
387 454 471 500 anno
489 430 579 500 last
601 443 715 500 octavo
737 433 813 499 idus
834 433 1027 518 septembris
1048 435 1089 500 ad
1113 454 1185 520 pre·

118 562 169 608 ces
185 541 248 606 eriri
264 548 298 604 et
320 540 382 603 rriri
397 537 521 601 domiui
546 537 725 600 Cardinulis
747 536 998 620 archicpiscopi
1020 536 1184 622 Hispaleu.

113 665 201 710 sacra
225 644 362 709 Ritnnm
385 640 600 722 congregatio
625 637 765 719 benigne
795 637 982 717 indulserit,
1009 645 1046 702 ut
1070 639 1184 721 illuiu

119 743 364 813 archidioecesi
376 741 529 823 deinceps
542 739 737 803 Praetutiani
747 739 863 802 Missae
876 739 1108 824 (incoeptionis
1117 744 1191 808 Bea-

116 859 165 915 tae
188 848 309 913 Mariae
324 843 470 927 Virginis
485 841 661 906 adderetur
677 841 810 904 verbnm
825 879 844 889 -
856 841 1036 906 Immaculata
1050 875 1069 888 -
1085 851 1125 910 ut
1149 847 1191 911 le·

116 951 147 1034 gi
167 950 294 1013 valeret
309 944 382 1007 -Et
405 950 429 1008 ta
450 943 482 1005 ia
506 934 686 1027 Conceptioaa
706 939 882 1004 immaculata
896 976 915 987 ν
931 941 980 1005 uti
1001 962 1039 1008 ex
1064 953 1193 1027 aposto·

116 1054 179 1118 lica
203 1047 416 1113 concessione
442 1043 514 1108 ficri
536 1045 657 1109 assolet
681 1062 782 1126 penes
808 1043 945 1108 Ordines
970 1046 1074 1110 sancti
1099 1051 1196 1114 Fran·

119 1153 204 1231 cinci,
232 1153 321 1214 rmus
343 1151 378 1212 P.
394 1150 428 1212 F.
446 1145 591 1229 Angelus
607 1145 770 1209 Ancaruni
781 1145 914 1209 Ordinis
926 1146 1195 1214 Praedicatorum

120 1254 273 1339 legistae
312 1249 473 1334 generalis
506 1248 714 1311 Sanctissimo
744 1247 884 1312 Domino
913 1249 1032 1314 Nostro
1067 1251 1196 1335 Grego-

116 1354 167 1419 rio
186 1354 268 1418 XVI
288 1347 444 1414 Pontifici
465 1348 604 1412 Maximo
630 1347 829 1430 supplicavit
851 1349 970 1428 enixe,
992 1356 1033 1413 ut
1053 1348 1096 1414 ad
1122 1351 1195 1415 uni·

115 1472 248 1521 rersum
258 1470 355 1517 snum
362 1448 519 1516 Ordinem
533 1448 800 1514 Praedicatorum
811 1448 986 1533 utriusque
997 1470 1096 1516 sexus
1107 1451 1196 1517 idem

116 1554 288 1621 indultum
314 1552 356 1617 de
377 1551 556 1636 apostolica
570 1549 775 1632 benignitate
799 1550 976 1615 extendere
995 1550 1196 1635 dignaretur.

117 1653 319 1729 Uniusmodi
334 1651 487 1737 precibus
501 1672 519 1716 a
534 1651 713 1716 Sanctitate
729 1653 792 1716 Sua
814 1659 1022 1734 peramanter
1037 1655 1198 1736 exceptis,

121 1757 289 1826 referente
311 1758 383 1820 crito
406 1762 440 1820 et
458 1757 527 1818 rriao
549 1755 690 1818 Domino
716 1753 881 1819 Gurdinali
898 1754 1023 1819 Aloisio
1041 1754 1202 1821 Lambrn-
1307 1806 1310 1814 .

121 1859 232 1927 wbini
252 1859 414 1943 Episcopo
440 1857 620 1934 sabinensi,
649 1857 691 1922 de
716 1856 853 1940 speciali
875 1856 978 1941 gratio
993 1857 1133 1940 benigne
1149 1877 1200 1922 an·

120 1961 312 2027 naitiorta
337 1962 452 2043 petits.
476 1958 659 2024 Contrariis
680 1979 748 2025 non
772 1959 980 2025 obstantibus
994 1959 1202 2046 quibuscum

127 2079 201 2148 que.
230 2063 293 2128 Die
320 2052 585 2127 tumamoris
613 2055 709 2127 1843.

321 2271 361 2332 Α.
386 2266 491 2333 Canu.
515 2267 772 2334 Ltmsnuscruur
796 2268 984 2335 Errscorus
1009 2266 1201 2336 Sarranusrs
1239 2241 1243 2250 ⁴

127 2420 306 2561 ¹sans.

568 2682 592 2743 t.
617 2681 648 2745 G.
674 2681 769 2748 lutati
793 2688 826 2746 S.
849 2679 881 2747 t.
908 2688 940 2747 C.
965 2681 1142 2749 secretarius.

218 2885 305 2945 Dum
326 2883 619 2949 reverendissimus
640 2888 673 2949 P.
699 2888 751 2950 Fr.
782 2888 928 2971 Angelus
964 2886 1124 2952 Ancaruni
1153 2887 1208 2950 Or·

123 2979 223 3051 diuis
242 2985 506 3050 Praedicatorum
523 2989 682 3069 generalis
703 2989 849 3072 Magistri
870 3007 1003 3053 munere
1019 2987 1212 3071 fungeretur

124 3083 176 3148 >ab
202 3087 380 3167 apostolica
402 3087 462 3149 hnc
477 3093 589 3150 sancta
615 3086 697 3151 Sede
717 3095 836 3169 quarto
857 3087 934 3152 idus
956 3086 1139 3152 decembris
1165 3083 1208 3150 de

128 3203 222 3250 anno
244 3184 329 3251 tara
353 3189 543 3270 impetravit
558 3206 619 3270 pro
634 3189 785 3253 universo
801 3188 1050 3253 sibi'commisso
1066 3186 1210 3266 Ordine,

124 3293 176 3351 -nt
192 3289 321 3352 Festum
337 3289 572 3371 conceptionis
588 3293 704 3354 Beatae
725 3291 845 3355 Mariae
867 3289 1013 3374 Virginis
1035 3289 1125 3354 iuxta
1140 3286 1212 3352 bre·

126 3387 228 3452 viarii
249 3390 380 3455 Ordinis
409 3391 554 3456 rubricas
570 3390 726 3475 deinceps
748 3391 979 3456 institueretur
1001 3409 1077 3456 cum
1100 3396 1213 3454 octavu

128 3487 293 3567 solemni3
319 3511 357 3556 ac
381 3493 518 3577 iusuper
548 3502 588 3559 ut
617 3492 816 3558 Praefationi
841 3494 957 3558 Missae
986 3488 1217 3574 Gonceptionis

130 3590 240 3672 ipsius
267 3591 446 3659 adderetur
470 3595 605 3660 verbum
631 3631 651 3642 -
672 3592 853 3657 Immaculata
875 3629 893 3641 -
916 3612 953 3657 ac
980 3591 1128 3677 proinde*
1148 3596 1216 3654 tam

130 3692 170 3756 in
198 3694 362 3772 ecclesiis,
386 3714 484 3779 quarn
510 3696 550 3780 ab
582 3697 722 3760 alumnis
751 3687 886 3762 Ordinis
912 3694 1031 3778 ipsius
1046 3692 1214 3776 legeretur

129 3823 155 3837 -
172 3791 214 3854 Bt
235 3801 260 3856 ta
280 3794 314 3854 ia
339 3798 521 3879 conceptione
548 3795 730 3859 lramacatata
744 3833 765 3848 -
787 3798 878 3876 Quae
903 3794 1040 3878 quidem
1062 3792 1128 3857 duo
1158 3794 1218 3858 De·

96 3942 99 3949 ,
131 3897 226 3956 creta
239 3894 389 3976 apprime
411 3895 592 3960 conformia
612 3896 772 3979 singulari
799 3896 926 3981 pietati,
951 3911 1050 3977 quam
1076 3910 1218 3975 usquea

134 4011 196 4057 sua
209 3993 421 4060 institutione
434 4015 509 4079 erga
520 3998 741 4063 Beatissimam
753 4000 924 4082 Virginem
939 3995 1075 4061 Mariam
1088 3992 1219 4059 Praedi-

135 4100 290 4159 catorum
303 4095 390 4160 Ordo
413 4105 603 4162 constanter
614 4099 802 4184 profitetur,
813 4099 877 4164 etsi
900 4096 1120 4163 communiter
1135 4096 1222 4161 exul·

125 4195 229 4262 Quanti
261 4196 370 4262 unirno
391 4198 538 4285 singulae
561 4213 628 4284 per
644 4200 765 4268 Orbem
786 4197 1056 4268 Praedicatorum
1084 4195 1226 4263 familiae
