2828 4904
444 327 619 395 ..83-

96 471 119 516 u
160 453 307 534 qratiam.
345 449 498 537 Alioquin
534 469 626 514 serva
655 440 825 513 rebellium
866 439 1063 533 Angelorum

96 575 155 640 rgo
182 554 355 633 extitisset,
372 554 458 641 quod
482 552 574 618 noios
592 550 723 617 videtur
747 551 785 616 de
808 551 1004 639 Angelorum
1020 573 1071 616 oo·

113 655 244 740 regina,
259 656 316 742 qui
336 676 499 742 nunquam
524 654 627 740 gratia
651 660 726 718 sunt
749 653 908 732 destituti,
926 675 984 719 noo
999 675 1073 741 pro-

127 759 217 823 servi
238 758 408 845 aliquando
435 766 492 824 aut
522 757 680 844 mancipia
707 758 830 844 peccati
856 755 959 825 suero.
984 758 1065 822 Item

95 860 302 941 onveniebat‚
330 863 466 928 Mariam
493 861 526 925 in
542 860 663 946 gratiae
687 859 799 924 ordino
822 881 892 925 osso
920 868 1068 948 protopa-

95 984 141 1028 us
166 962 368 1043 inferiorem,
392 984 531 1051 quorum
554 963 663 1048 regina
687 984 745 1049 por
769 963 904 1048 gratiam
927 970 997 1027 erat
1019 961 1071 1029 iu·

106 1065 232 1132 fuisset
248 1075 355 1132 autem
378 1088 452 1131 sune
474 1063 620 1144 inferior,
636 1066 698 1131 nisi
715 1067 804 1130 Deus
818 1065 923 1152 ipsam
938 1084 1070 1153 quoque

96 1172 168 1248 nia,
192 1170 289 1235 sicuti
312 1181 345 1236 et
366 1170 449 1249 ilios,
473 1169 678 1235 condidisset.

96 1283 190 1361 ,tque
211 1274 289 1339 haec
306 1283 380 1339 sunt
395 1275 569 1361 praecipua
586 1278 775 1358 argumento
798 1271 987 1360 theologica,
1000 1274 1072 1361 qui-

96 1377 232 1443 atholici
254 1376 398 1443 doctores
422 1376 584 1464 singulare
606 1376 666 1442 hoo
688 1375 896 1463 privilegium
920 1378 1073 1444 immacu·

98 1481 235 1566 eiparae
261 1481 440 1567 Conceptus
469 1480 632 1547 vindicare
658 1489 906 1561 consueverunt,
925 1502 1073 1569 quaeque
1179 1519 1184 1531 ·

114 1583 344 1670 compendium
366 1584 550 1662 retulimus,
567 1585 631 1671 ipsi
646 1605 723 1649 vero
745 1582 819 1650 iuse
841 1594 1008 1674 exponunt
1021 1606 1075 1652 va·

96 1711 102 1750 r
132 1694 291 1753 exornant
314 1684 368 1775 (i).
402 1688 480 1754 Dixi
511 1693 707 1776 praecipuo:
747 1687 810 1753 alia
845 1690 931 1755 euim
962 1709 1074 1778 quam-

102 1798 139 1855 et
156 1789 205 1854 illi
226 1798 355 1877 praeter
376 1792 533 1857 recensita
556 1790 724 1869 adiiciunt,
740 1812 825 1877 quae
839 1790 913 1880 plus
927 1793 1074 1859 minusve

96 1913 128 1958 m
154 1891 379 1958 conficiendam
401 1894 515 1960 valent.
547 1895 632 1959 Haeo
655 1901 759 1960 tamon
781 1914 838 1960 nos
860 1897 1076 1983 praetermisi·

96 2005 163 2063 tum
186 1995 272 2081 quod
295 1996 406 2077 adea,
436 2018 520 2085 quae
541 1998 605 2063 iam
643 1997 847 2079 adduximus,
870 1997 964 2067 focile
986 2022 1075 2069 reno

96 2107 243 2187 possunt,
267 2108 335 2166 tum
358 2101 444 2188 quod
467 2099 623 2166 eiusmodi
654 2109 841 2187 argumenta
862 2105 1076 2191 peremptoria

96 2210 173 2282 tunt,
204 2224 308 2291 neque
333 2203 513 2271 fundandae
536 2205 692 2290 dogmatis
718 2203 917 2282 definitioni,
942 2205 982 2268 de
1008 2226 1074 2292 quo

95 2306 281 2372 otissimum
303 2308 510 2395 inquirimus,
534 2330 592 2395 per
615 2307 764 2396 superio,
788 2326 863 2371 oum
885 2306 1073 2373 convenian-

96 2416 124 2476 et
158 2408 396 2498 probabilitatis
428 2411 505 2478 fines
534 2434 597 2477 non
619 2409 783 2476 excedant.
807 2409 894 2474 idem
917 2408 956 2474 do
979 2429 1075 2495 argu·

98 2536 114 2581 s
128 2516 287 2601 negativis
303 2525 371 2581 esto
387 2517 556 2596 iudicium,
574 2538 659 2604 quae
676 2538 718 2580 ex
732 2515 912 2582 indecentia
923 2535 1074 2602 promun-

96 2637 225 2705 uaeque
243 2618 368 2684 inversa
391 2618 467 2686 licet
488 2618 611 2685 ratione
635 2620 669 2684 in
685 2618 832 2706 positivis
847 2616 1069 2682 includuntur.

96 2743 103 2787 ε
128 2742 168 2786 oo
191 2724 342 2810 persequi
367 2745 638 2810 supervacaneum
670 2731 761 2811 puto.

96 3433 164 3489 turi
192 3438 295 3500 mesum
323 3432 388 3484 inter
410 3431 510 3485 atara
565 3426 736 3501 Conceptiona
776 3428 902 3500 defensio.
945 3426 1070 3500 Compluti

96 3534 152 3573 sous
169 3520 268 3571 Guerra
285 3519 312 3568 in
328 3532 370 3582 op·
379 3514 510 3572 Maiestas
562 3505 640 3568 1618.
651 3517 739 3569 voi-in
750 3508 795 3568 ioi.
813 3518 850 3568 Io.
863 3517 923 3569 Ant.
933 3519 1073 3583 Veiosquez

96 3617 157 3656 rum
184 3605 209 3655 et
238 3601 367 3656 virtutum
394 3601 511 3655 omnium
562 3597 1071 3669 Dediurtuimmoauiuteeonoeptovoi.
1187 3640 1190 3647 .

96 3696 142 3741 ras
164 3679 289 3756 i't'rpt'ttis.
316 3686 412 3752 Hispali
433 3679 512 3739 1659.
564 3684 611 3737 iol.
629 3684 709 3749 uugi.
726 3675 803 3739 1653.
821 3690 870 3738 eto.
890 3686 1012 3750 empne
1027 3684 1075 3734 ali-

101 3773 155 3825 roi.
171 3773 198 3823 in
214 3772 260 3824 toi.
278 3772 395 3823 vincent.
414 3771 512 3822 Passuri
563 3770 586 3821 ie
602 3774 721 3820 aoonrate
743 3771 853 3822 rationes
862 3770 1015 3834 theologicas
1028 3782 1073 3819 ex-

105 3853 284 3909 Immaculata
294 3852 428 3923 Danaae
444 3850 514 3908 Cone
566 3854 653 3919 pendit
670 3853 766 3906 Sueten
792 3857 818 3905 in
836 3849 860 3905 3.
879 3870 904 3918 p.
923 3868 943 3905 s.
961 3853 1073 3903 Thomas

111 3936 273 4008 tdeotopieae
290 3937 426 3990 commuto
456 3942 515 3991 tru-
569 3938 642 3988 Tom.
660 3938 695 3989 11.
713 3939 818 4002 Quaeri.
829 3931 873 3991 27.
885 3936 943 3988 Art.
959 3927 986 3988 2.
1004 3937 1073 4000 uiso.

96 4026 156 4077 Vol·
173 4025 242 4076 unio.
258 4017 515 4087 iniungituntooo.
568 4011 594 4076 3.
612 4023 680 4075 Soet.
698 4018 724 4076 5.
742 4028 805 4088 opp·
817 4023 876 4075 edit.
896 4018 976 4087 nuga.
994 4014 1073 4072 1614.

96 4128 109 4161 ι.
128 4110 258 4174 Quirinius
275 4109 307 4160 de
324 4103 423 4160 Saiazar
435 4109 461 4159 in
472 4122 513 4174 op.
570 4118 626 4175 pag·
645 4100 689 4161 22.
706 4122 776 4175 seqq.

96 4191 386 4264 mammonae
394 4191 511 4262 inquo
