2828 4904
68 481 120 520 nen
133 469 224 519 adrer-

101 544 190 589 santur

106 2355 237 2409 Ecclesiae

37 2473 39 2479 ,
55 2430 140 2492 praxis
151 2442 198 2490 per
209 2442 237 2480 sc

53 2499 114 2550 lldei
145 2500 236 2562 dogma

67 2583 119 2621 non
129 2572 225 2620 eonsti-

121 2641 172 2690 tult

738 327 923 400 -l9l-

291 452 357 518 sari
381 449 570 516 sententiae.
596 449 631 516 Si
655 451 740 515 enim
763 452 810 515 ita
825 471 860 515 se
883 470 935 513 res
958 447 1105 528 baberet,
1128 465 1304 539 numquam
1322 472 1370 518 ro*
1399 478 1404 489 ·

289 557 376 622 mani
392 554 563 621 Pontifices
582 561 672 642 piam
688 555 777 619 illam
792 563 961 620 vocassent
978 554 1184 633 sententiam,
1203 575 1361 641 quaecum
1395 588 1404 622 r

289 662 459 749 Scriptura
477 683 515 727 ac
530 660 705 736 traditione
722 660 926 745 confligeret3
944 681 1050 747 neque
1069 660 1288 728 tridentinum
1300 661 1363 726 Con
1395 691 1404 726 r

287 768 401 834 cilium
428 766 625 832 declarasset
652 787 732 830 suae
753 765 943 830 intentionis
971 786 1034 829 non
1065 786 1154 845 esse,
1186 765 1365 854 comprober·
1397 796 1404 831 ι

287 873 358 936 dere
381 877 416 936 in
438 892 499 935 suo
522 872 642 936 decreto
656 917 672 963 ⁹.
692 869 747 935 ubi
767 870 803 933 de
821 883 950 955 peceato
986 870 1139 954 ora'pr‘nali
1161 873 1292 954 agitur,
1314 868 1368 933 lea·
1396 898 1404 936 ι

287 977 632 1041 tametimmoculotam
656 970 810 1059 Virginem
826 973 968 1038 Mariam
979 972 1257 1056 Der'Gem'tricem.
1276 973 1368 1051 Quan-
1401 1002 1403 1027 1

286 1078 461 1165 dequidem
484 1100 548 1142 non
582 1078 744 1164 potuisset
767 1085 877 1141 saneta
909 1076 1059 1164 Synodus
1082 1098 1146 1142 non
1170 1076 1207 1141 id
1240 1097 1368 1164 compre·
1402 1106 1404 1115 Α

286 1182 438 1262 bendere,
452 1181 541 1269 quod
562 1181 753 1269 Scripturas
769 1202 806 1246 ac
824 1179 993 1245 traditioni
1010 1189 1058 1248 est
1076 1179 1265 1261 conforme,
1290 1172 1368 1247 inm

286 1285 376 1374 qnod
399 1287 570 1372 Scriptura
591 1308 628 1352 ac
651 1285 787 1351 traditio
808 1307 849 1350 ex
872 1286 934 1352 Dei
957 1286 1064 1372 ipsius
1086 1284 1294 1351 revelatione
1312 1304 1367 1351 corr·

285 1390 400 1457 tinent.
425 1391 540 1476 ltaque
571 1388 600 1453 si
623 1410 687 1453 non
710 1388 975 1476 comprehendit,
1000 1396 1194 1474 argumento
1220 1387 1259 1454 id
1282 1387 1363 1453 inelt³

287 1493 400 1558 ctabili
417 1501 478 1572 est,
492 1491 657 1578 generales
674 1491 860 1557 Bibliorum
876 1513 913 1558 ac
930 1490 1114 1556 traditionis
1126 1491 1372 1578 propositiones,

285 1597 410 1685 quibus
425 1617 535 1661 omnes
551 1596 641 1661 Adae
658 1596 781 1682 posteri
796 1596 949 1682 originali
970 1617 1055 1660 noxa
1077 1594 1244 1662 dicuntur
1261 1593 1371 1674 inlecti:

286 1699 458 1766 admittere
473 1719 580 1786 posse,
598 1719 635 1763 ae
651 1721 728 1764 vero
744 1699 842 1782 etiam
863 1699 999 1778 debere,
1023 1699 1256 1785 exceptionem
1279 1697 1372 1782 quand

287 1806 324 1870 Β.
349 1805 528 1890 Virginem,
547 1822 641 1868 secus
658 1825 695 1868 ae
717 1804 872 1870 adversae
888 1806 993 1891 partis
1015 1804 1157 1884 theologi
1175 1806 1393 1867 asseverent.

287 1908 405 1975 Utrum
428 1917 540 1973 autem
562 1905 669 1972 eidem
692 1908 766 1994 piae
791 1909 970 1973 sententiae
991 1900 1230 1988 Scriptura‘ac
1256 1902 1376 1969 traditio

285 2012 425 2098 positive
456 2010 608 2091 faveant,
633 2012 731 2100 paulo
759 2021 833 2100 post
866 2006 1098 2093 expendemus.
1130 2007 1219 2072 Heio
1245 2008 1324 2074 satis
1343 2009 1376 2073 sit

285 2117 468 2183 ostendisse
490 2127 641 2182 neutram
664 2110 873 2178 immaculato
897 2112 1049 2223 Virginis
1073 2113 1265 2254 Conceptui
1281 2113 1374 2181 adver

287 2220 355 2286 sari
380 2200 479 2303 atque
502 2217 633 2304 opponi.

379 2321 500 2388 Tertio:
518 2342 628 2386 assero
644 2322 824 2408 vasquezii
840 2321 1020 2388 doctrinam
1037 2320 1071 2387 id
1094 2324 1361 2418 unumleviuoere,

290 2448 389 2493 usum
413 2427 481 2494 sive
504 2426 635 2514 praxim
656 2427 823 2492 Ecclesiae
844 2427 878 2491 in
901 2448 936 2493 sc
953 2433 1131 2514 spectatam
1153 2427 1253 2495 band
1278 2425 1362 2495 costi

287 2541 381 2598 tuere
398 2532 473 2598 fidei
486 2531 612 2618 dogma,
629 2553 735 2619 neque
750 2532 834 2598 illud
845 2533 1030 2598 necessario
1041 2528 1246 2620 supponere,
1260 2535 1296 2601 id
1306 2529 1370 2621 quel

286 2644 319 2704 et
342 2639 473 2726 ipsimet
489 2639 657 2703 sentimus
675 2643 734 2703 Ast
746 2637 864 2703 exinde
876 2637 992 2703 inferri
1008 2639 1134 2725 nequit,
1147 2641 1288 2757 praxim
1302 2639 1369 2704 illan

288 2764 325 2808 ac
340 2741 611 2809 consuetudinem
626 2764 690 2807 non
705 2742 739 2807 in
756 2740 867 2829 aliquo
883 2740 1015 2807 lundari
1028 2743 1196 2830 principio
1210 2745 1367 2818 theoretico,

287 2846 373 2913 unde
396 2847 563 2914 Ecclesiae
591 2868 681 2911 mens
709 2847 797 2911 circa
825 2846 957 2933 aliquod
982 2846 1148 2912 obiectum
1177 2850 1391 2936 patefiat
1338 2826 1400 2912 Et

239 3029 245 3039 ,
286 2973 322 3016 re
334 2950 491 3038 quidem
483 2971 553 3037 ipsa
572 2971 667 3037 saepe
690 2949 858 3015 Ecclesiae
874 2953 1033 3016 Doctores
1049 2959 1148 3037 atque
1174 2951 1267 3018 inter
1288 2952 1360 3016 bosa
1382 2972 1396 3033 p

285 3158 402 3224 cebant
416 3158 581 3252 Ecclesiae
597 3157 778 3222 doctrinam
793 3157 901 3245 quoad
918 3157 1096 3223 articulum
1108 3161 1308 3247 quempiam,
1320 3154 1356 3244 qai
1399 3228 1404 3243 ι

284 3260 395 3327 forte'
387 3285 420 3328 ιιι
433 3263 685 3328 controversiam
702 3261 819 3326 luisset
835 3271 980 3328 vocatus.
998 3265 1147 3349 Namque
1171 3260 1354 3352 bipponemia

285 3056 515 3141 Augustinus,
540 3075 581 3119 ex
605 3054 800 3120 universalis
823 3055 988 3120 Ecclesiae
1020 3056 1266 3122 consuetudine
1287 3040 1404 3377 lelef

285 3367 418 3456 praesul
440 3389 482 3432 ex
504 3369 598 3454 praxi
625 3368 769 3452 tingendi
785 3366 925 3443 infantes
946 3369 1041 3454 colli
1024 3370 1120 3433 <rebat
1143 3368 1301 3436 adversus
1321 3387 1353 3455 pr
1377 3392 1403 3437 β

285 3475 429 3562 lagianos
454 3473 665 3541 doctrinam'
657 3497 690 3539 ιιι
713 3474 861 3541 Ecclesia
878 3486 1042 3563 receptam
1065 3485 1136 3540 tum
1160 3477 1202 3542 de
1225 3495 1391 3566 propage
1378 3446 1404 3537 l

286 3580 373 3645 tione
396 3580 565 3666 originalis
588 3580 746 3668 peccati
736 3603 771 3646 m
798 3581 903 3669 ipsos,
935 3588 1005 3646 tum
1031 3581 1071 3646 de
1094 3580 1253 3668 baptismi
1275 3596 1354 3648 neers
1385 3642 1404 3678 r.

286 3685 382 3750 sitate
405 3684 446 3748 ad
469 3683 552 3748 illud
579 3684 755 3750 eluendum
779 3682 834 3774 (l).
858 3691 985 3751 Auctor
1011 3685 1176 3752 librorum
1206 3686 1353 3754 Vocation't
1386 3738 1404 3761 ,-

253 3817 256 3823 ·
283 3792 422 3870 gentium
445 3808 485 3850 ex
508 3787 674 3851 Ecclesiae
698 3788 823 3873 pariter
838 3809 902 3853 usu
920 3787 1037 3853 or'andi
1053 3811 1113 3876 pro
1130 3790 1303 3870 omnibuS,
1321 3786 1349 3852 dr
1388 3817 1404 3848 ε

208 3905 209 3908 ’
286 3891 424 3957 ctrinam
440 3890 623 3958 deducebat
639 3892 804 3958 Ecclesiae
819 3914 903 3974 esse,
920 3896 1028 3962 Deum
1050 3894 1132 3962 velle
1149 3896 1279 3963 sincere
1300 3908 1351 3961 cut·
1391 3918 1404 3935 ι

329 4159 806 4227 (1)ιὶ66.ιοιιινΙιιΙὲαιι.ιι19..ιι9
857 4157 1139 4220 etruscorum
1167 4159 1316 4221 emon
1316 4160 1355 4216 lel
1393 4172 1404 4223 ι’

288 4247 332 4297 tib.
344 4249 357 4298 1
377 4245 559 4317 deprecator.
572 4250 658 4305 merit.
669 4249 805 4304 stremiss.
857 4252 1026 4318 nlibipassim
