2820 4890
533 329 713 398 -215-

74 448 272 516 immaculata
307 446 373 513 fuit
394 449 487 513 iuxta
517 451 628 515 Patres
652 446 961 529 francofordiam,
992 449 1154 538 liquidnm

72 568 113 624 est
134 580 176 623 ex
200 558 339 622 istorum
354 565 459 622 mente
475 556 649 622 immunem
677 578 802 645 semper
826 579 897 623 cam
913 578 931 622 a
947 557 1073 624 macula
1096 579 1153 625 ex·

72 665 181 728 titisse.

10 842 12 849 Ι
138 769 234 846 Quae
248 763 1152 832 exhisCanciliisattulimusinmentemnobisrevocant
1230 780 1381 834 sunamitis

10 930 13 959 ÷
67 892 144 959 puae
160 872 198 935 in
210 869 365 946 Concilio,
382 868 475 954 longe
491 869 668 955 antiquiori
686 889 790 955 eoque
807 870 1025 948 oecumenico,
1038 869 1151 937 videti·
1203 850 1384 974 Tmffissd'u'?

10 972 13 991 '
66 984 109 1041 cet
132 973 306 1061 ephesino,
325 971 490 1059 praeclare
513 972 642 1036 omnino
656 971 690 1037 in
707 994 776 1038 rem
792 973 873 1037 hanc
894 980 960 1037 tota
975 972 1149 1059 plaudente
1203 935 1383 1058 ditanda?

66 1080 193 1170 Synodo
209 1078 347 1166 protulit
362 1077 395 1143 in
410 1077 541 1142 homilia
553 1099 651 1164 quarn
663 1077 778 1144 habuit
789 1079 822 1144 in
836 1079 888 1144 die
900 1079 1025 1146 Natalis
1041 1079 1151 1146 Domi·
1203 1064 1259 1115 ³¹⁰⁰

64 1187 92 1251 ni
116 1183 308 1250 Theodotus
328 1183 499 1268 episcopus
521 1203 711 1271 ancyranus.
752 1184 783 1247 Is
806 1184 927 1271 quippe
957 1204 999 1248 ex
1027 1182 1149 1271 triplici

62 1287 145 1354 iente
164 1286 349 1372 theologico
364 1285 564 1350 commendat
579 1287 616 1349 B.
635 1285 812 1371 Virginem,
829 1287 1043 1374 quamprimo
1063 1308 1147 1352 com-

63 1399 150 1479 psrat
167 1412 251 1456 cum
264 1389 410 1455 terrestri
427 1389 593 1475 paradis03
608 1389 749 1454 secundo
765 1410 840 1454 cum
855 1391 934 1472 Eva3
956 1390 1054 1455 tertio
1070 1411 1144 1456 anm

68 1496 128 1583 ipro
157 1494 394 1582 Redemptore.
419 1492 480 1558 Sed
508 1502 650 1581 praestat
666 1492 812 1559 eiusdem
839 1494 1034 1561 sanctissimi
1053 1517 1147 1582 prae-

73 1600 147 1683 ata,
168 1602 234 1690 qui
248 1609 321 1687 post
337 1621 363 1664 s.
381 1600 537 1688 Cprillum
552 1600 673 1686 primas
689 1606 797 1686 partes
812 1599 929 1666 babuit
948 1601 982 1666 in
997 1601 1145 1687 dogmate

67 1706 223 1773 udotico
247 1704 400 1770 adversus
421 1704 608 1770 Nestorium
628 1703 758 1783 tuendo,
779 1704 877 1770 verba
894 1706 965 1793 ipsa
983 1705 1142 1793 proferre,

60 1832 137 1899 puae
164 1808 211 1877 ad
236 1810 372 1896 primam
397 1808 666 1895 comparationem
694 1817 859 1895 spectant,
879 1817 912 1875 et
941 1807 1019 1876 haec
1043 1817 1142 1876 sunt:

56 1916 82 1983 0
106 1917 297 2003 Virpt'uam,
316 1937 395 2002 quae
415 1919 526 2004 aprum·
538 1919 612 1979 aicit
639 1914 824 1980 deliciarum
842 1917 1056 2003 paradisum!
1080 1915 1141 1982 ata

52 2042 192 2110 samque
206 2040 306 2106 persas
322 2023 498 2085 sativarum
520 2023 664 2105 stirpium
680 2021 831 2105 protulit,
850 2042 889 2084 aa
910 2026 1030 2106 as'rps'ue
1054 2031 1142 2088 terra

50 2132 174 2194 saarts‘s
193 2125 328 2212 plantis:
356 2124 431 2188 daec
452 2134 556 2187 autem
570 2127 658 2206 sirpo
675 2124 784 2188 medior
806 2133 851 2188 est
872 2125 931 2190 illa
954 2136 1054 2190 tarra.
1071 2123 1145 2191 Nou

53 2235 134 2298 cmm
158 2250 333 2319 pomarum
355 2229 492 2314 protulit
514 2227 657 2304 ardores,
681 2227 734 2290 sed
756 2232 879 2312 airqam
904 2227 982 2293 Iesse
1002 2229 1143 2312 fructum

50 2337 233 2403 mutarem
248 2331 419 2399 dominibus
430 2333 617 2419 afferentem:
630 2340 659 2395 at
673 2332 732 2396 illa
744 2342 831 2398 terra
842 2336 931 2417 as'rpo
944 2343 1023 2410 crat,
1037 2344 1066 2397 et
1080 2337 1144 2407 ista

56 2446 156 2527 airam
164 2435 274 2504 sedids'
282 2436 404 2523 puidam
416 2435 542 2501 arbores
553 2440 643 2500 uascs'
649 2438 807 2523 praecepit
818 2434 919 2511 Deua·
932 2436 1025 2502 duius
1036 2447 1142 2503 autam

65 2545 262 2629 sipmssspsa
272 2537 405 2605 Creator
414 2540 714 2604 secuudumearucm
725 2539 828 2624 faetus
839 2551 883 2605 ast
891 2561 1027 2626 parmam.
1036 2540 1141 2630 Neque

54 2644 114 2709 'silc
123 2656 219 2711 tarra
232 2651 303 2707 aute
316 2642 442 2706 arbores
451 2642 620 2728 plantaria
631 2649 774 2729 susceptu
786 2665 883 2730 aequa
899 2642 974 2708 daec
989 2666 1028 2709 ca
1038 2655 1141 2731 parta

57 2749 269 2830 airpsmtatem
300 2745 399 2808 laesit.
431 2741 521 2827 Va'rpo
541 2744 695 2832 paradiso
710 2745 878 2828 pluriosiar
899 2744 986 2829 sacta
1002 2755 1055 2810 est.
1080 2744 1140 2810 Itu

56 2855 131 2915 maus
152 2848 221 2913 Des'
236 2849 365 2914 cultura
386 2847 490 2932 sactus
514 2859 557 2912 est
568 2869 584 2921 ‚⁰
607 2847 682 2911 daec
704 2861 809 2912 autem
830 2848 1149 2915 secuudum-saraam*
1185 2923 1191 2936 ⁸

14 2954 22 2961 ’
58 2952 151 3020 Deum
176 2958 280 3040 speum
294 2955 454 3028 excoluit,
469 2951 525 3016 udi
545 2953 647 3017 uoluit
669 2950 799 3016 dominis
822 2953 970 3040 copulari
987 2964 1134 3019 naturas.
1232 2978 1234 2983 ·
1269 2978 1272 2985 ·

62 3055 172 3123 Vidisti
184 3057 337 3144 quomoda
353 3058 472 3141 factum
484 3065 527 3120 ast
540 3055 723 3120 admirabile
733 3069 963 3121 sacramentam
979 3060 1146 3122 transceu·'

59 3159 124 3226 mas
147 3172 289 3225 naturae
312 3166 475 3225 ratiouem.
493 3160 569 3224 Ram
584 3161 858 3247 supernaturalem
873 3160 981 3226 uidisti
993 3162 1062 3226 sala
1079 3161 1140 3229 Dos*

58 3270 171 3331 virtute
185 3264 306 3347 saetam
329 3262 388 3346 (d).

138 3369 246 3433 Porro
268 3388 342 3432 cum
363 3389 404 3433 ex
424 3366 567 3433 eiusdem
591 3368 786 3433 sanctissimi
810 3369 966 3435 antistitis
987 3368 1153 3454 oratione,

56 3479 142 3538 extra
169 3470 352 3537 Concilium
379 3471 515 3537 recitata
542 3471 680 3536 alterum
711 3472 959 3558 praebuerimus
994 3474 1136 3539 testima-

56 3577 139 3643 nium
155 3572 213 3665 (2),
231 3574 335 3641 eidem
350 3575 519 3641 adnectere
535 3576 606 3640 heic
622 3574 713 3641 lubet
729 3575 827 3642 verba
843 3577 1045 3665 patriarchae
1062 3597 1136 3642 con-

56 3678 329 3769 rtantinopolitani
344 3702 408 3745 non
427 3681 535 3746 minus
555 3678 701 3746 doctriua
720 3701 757 3746 ac
781 3682 950 3748 sanctitate
973 3680 1133 3765 illustris,

55 3784 175 3853 scilicet
188 3806 216 3851 s.
230 3784 393 3865 Germani,
407 3785 502 3849 euius
521 3783 611 3851 aliud
622 3785 745 3872 pariter
760 3783 794 3848 in
810 3784 916 3871 priori
925 3784 1025 3849 huius
1041 3771 1136 3851 lucu·
1196 3772 1246 3825 ¹³⁸·
1256 3775 1367 3827 ΕΜ·

53 3883 206 3955 tutionis
236 3890 333 3954 Parte
359 3888 579 4005 testimonium
602 3888 798 3956 adduximus
816 3885 872 3976 (3).
895 3889 958 3955 Hic
973 3889 1133 3974 igitur-in
1183 3851 1365 3981 pgpppppeon·

83 4047 117 4116 (1)
133 4050 201 4102 ibid·
219 4050 293 4102 Tam.
312 4050 335 4101 V
355 4049 405 4100 col.
417 4043 478 4114 1863
496 4050 563 4102 cele·
696 4041 730 4121 (2)
741 4045 821 4100 Part
839 4063 896 4114 cap.
907 4040 942 4101 XI
952 4064 1010 4115 pag.
1026 4045 1072 4103 61Ὶ

61 4125 262 4270 ξςζωιέιὲἓιῖ
274 4137 314 4185 est
330 4131 469 4213 Consilium
486 4134 564 4197 ephe·
696 4125 732 4202 (3)
746 4133 809 4184 lbid.
827 4145 883 4198 pag.
900 4126 943 4185 65.
1032 4212 1040 4217 -
