2828 4904
656 187 667 223 l

761 284 946 358 -bbl-

319 411 527 496 exceperint,
562 407 686 497 placuit
717 411 827 470 tamen
859 408 967 472 eidem
1003 403 1270 474 reverendissimo
1299 408 1369 472 Patri

316 511 477 576 Ancaranl
503 507 692 572 firmitatem
715 506 813 569 etiarn
839 509 994 571 maiorem
1009 528 1028 572 a
1044 528 1079 572 se
1093 509 1197 591 gestis
1209 507 1369 585 conciliare

313 613 500 696 futurisque
525 609 692 693 quibusvis
714 608 918 691 temporibus
952 629 994 675 ue
1027 609 1198 674 dubitatio
1229 610 1297 673 ulla
1319 609 1372 673 sub

312 715 456 780 oriretur
475 730 574 795 super
589 709 736 793 legitima
765 709 954 774 huiusmodi
981 716 1205 775 Decretorum
1238 711 1373 793 impetra·

312 817 419 894 tione,
441 832 606 879 sacrorum
634 813 769 877 Rituum
804 812 1057 898 congregationi
1084 815 1249 878 nonnulla
1275 831 1373 896 propo·

310 917 378 981 suit
402 914 517 992 Dubia,
545 934 583 978 ex
608 931 747 997 qnorum
770 922 923 979 accurata
937 916 1103 980 solatione
1120 915 1257 980 decimo
1277 923 1372 978 octavo

307 1017 463 1083 kalendas
489 1016 562 1082 iulii
585 1016 748 1099 superiori
777 1035 862 1081 anno
888 1013 974 1084 1845
1003 1026 1140 1101 acceptu
1175 1018 1371 1100 comparuit:

307 1119 331 1183 1.
366 1119 575 1203 Superiorem
604 1118 788 1199 generalem
819 1116 951 1184 Ordinis
980 1119 1258 1183 Praedicatorum
1287 1118 1372 1183 ualli·

305 1220 403 1287 mode
428 1220 576 1305 indigere
603 1237 761 1284 consensu
789 1221 1003 1304 superiorum
1031 1221 1243 1298 inferiorum,
1269 1220 1369 1286 valda-

306 1324 408 1407 pituli
436 1322 597 1407 generalis
625 1321 667 1387 ad
689 1321 753 1386 hoc
784 1330 822 1387 ut
848 1342 867 1387 a
889 1331 999 1388 sancta
1032 1322 1115 1389 Sede
1148 1322 1305 1388 obtineat
1323 1342 1364 1408 pro

305 1424 454 1490 universo
482 1422 604 1487 Ordine
630 1440 749 1487 novum
778 1422 951 1502 Officium,
977 1425 1028 1488 vel
1049 1424 1278 1488 elevationem
1304 1425 1368 1490 ritus

307 1526 412 1591 Officii
437 1529 502 1590 iana
527 1525 680 1589 concessi.
708 1527 748 1590 ΙΙ.
765 1527 839 1591 Non
853 1542 923 1591 esse
938 1527 973 1591 in
989 1532 1157 1610 potestate
1173 1528 1372 1611 superiorum

306 1630 499 1697 inferiorum
521 1647 585 1692 non
610 1636 781 1710 acceptare
811 1646 929 1693 novum
954 1628 1113 1707 Officium,
1141 1629 1198 1693 vel
1224 1630 1370 1694 ritnsele·

303 1735 465 1800 vationem
487 1752 506 1797 a
528 1731 700 1814 superiore
723 1731 868 1815 generali
891 1733 1108 1815 impetratam.
1133 1732 1190 1796 lll„
1218 1733 1289 1797 Sibi
1312 1750 1370 1798 sua·

304 1835 475 1900 cedentem
501 1833 710 1916 Superiorem
724 1833 758 1896 in
773 1832 837 1896 boc
851 1852 987 1898 munere
1009 1836 1199 1917 generalem
1216 1834 1310 1899 nullo
1322 1831 1371 1899 snb

304 1946 476 2024 praetextu
502 1955 655 2020 respuere
679 1956 783 2022 posse,
805 1937 858 2002 vel
872 1957 891 2002 a
906 1937 1103 2003 Kalendario
1125 1956 1370 2023 expungerent
1405 1996 1408 2003 .

304 2058 377 2104 vum
404 2038 562 2114 Officium,
588 2037 639 2100 vel
665 2037 748 2102 ritus
772 2037 997 2102 elevationem.
1020 2041 1075 2104 lv.
1098 2040 1367 2124 Unumquemque

260 2215 265 2224 ,
302 2159 361 2224 per
387 2158 589 2221 consequens
609 2140 742 2204 omnino
766 2139 875 2204 teneri
900 2158 934 2203 se
960 2139 1167 2204 conformare
1195 2140 1367 2224 apostolicis

302 2241 575 2315 concessionibus,
592 2241 739 2324 quamvis
760 2240 802 2305 ab
825 2241 926 2305 unico
948 2241 1123 2324 superiore
1146 2243 1302 2325 generali
1319 2242 1358 2305 in·
1397 2246 1408 2303 l

301 2345 450 2428 patratis,
468 2351 566 2425 atque
590 2343 746 2409 obtentis.
768 2347 893 2409 Verum
915 2362 1019 2427 quum
1039 2342 1196 2408 accidere
1222 2345 1324 2428 possit
1338 2347 1361 2405 rt
1398 2328 1407 2368 '‘

300 2447 418 2528 aliquis
434 2446 599 2510 detrectet
616 2445 764 2510 Decretis
787 2445 867 2528 ipsis
889 2444 1079 2528 apostolicis
1104 2462 1139 2508 se
1155 2444 1361 2518 conformata

299 2550 350 2612 vcl
377 2549 454 2632 quia
476 2550 579 2613 sentit
603 2549 825 2613 Beatissimnm
839 2549 1010 2629 Virginem
1024 2547 1162 2613 Mariam
1187 2555 1363 2631 conceptam

299 2648 398 2713 fuisse
414 2650 448 2713 in
463 2651 560 2732 culpa
576 2649 736 2733 originali,
762 2652 814 2714 vel
838 2649 915 2733 quia
931 2656 1061 2712 veretur
1082 2648 1286 2731 religionem
1301 2650 1363 2712 lmu-

299 2769 374 2833 gcre
400 2752 584 2826 iuramenti,
608 2770 673 2833 quo
693 2750 910 2834 adstringitur
925 2750 966 2814 ad
986 2748 1177 2815 sectandam
1200 2750 1364 2815 doetrimu

299 2854 403 2917 sancti
423 2853 564 2917 Thomna
591 2853 778 2936 aquinatis,
794 2871 893 2934 quern
918 2853 1005 2931 (etsi
1027 2851 1163 2916 omniuo
1188 2854 1362 2936 perperam)

298 2953 486 3036 paucissimi
512 2960 659 3017 asserunt
681 2953 826 3016 tenuisse
851 2955 983 3017 Beatam
1004 2952 1179 3035 Virginem
1207 2952 1363 3016 incurrisse

295 3053 328 3117 in
356 3055 462 3117 anima
487 3055 617 3137 colpam
643 3054 854 3135 originalem3
883 3054 960 3117 hine
985 3051 1284 3118 reverendissimus
1311 3052 1364 3134 ipse

299 3159 394 3219 Pater
419 3157 581 3219 Ancarani
595 3155 696 3219 satius
712 3155 886 3244 eonsilium
902 3153 1078 3238 assumpsit
1091 3153 1126 3215 in
1142 3153 1241 3218 novis
1266 3150 1363 3217 Dubiis

298 3276 463 3321 sacrorum
480 3258 616 3324 [lituum
632 3257 885 3342 congregationi
899 3275 1063 3340 exponere
1079 3272 1166 3337 quae
1182 3256 1313 3340 singula
1329 3269 1365 3316 rc·
1406 3336 1408 3351 Ι

297 3358 443 3442 spiciunt
455 3366 527 3423 tum
548 3360 757 3443 impetratam
779 3360 863 3423 ritus
885 3358 1100 3423 elevationem
1115 3355 1152 3418 in
1169 3354 1275 3422 Festo
1292 3354 1363 3418 con-
1406 3384 1408 3389 ·

297 3457 462 3539 captionis
476 3459 643 3543 Deiparae‚
654 3467 726 3523 tum
741 3460 839 3524 etiam
862 3457 1068 3523 additionem
1083 3457 1294 3522 Praefationi
1308 3454 1366 3521 llis·
1406 3444 1408 3451 ’

296 3577 351 3623 sae
374 3557 609 3642 Conceptionis
635 3559 881 3641 apponendam,
912 3565 950 3622 ut
972 3576 1080 3623 sacrae
1106 3557 1214 3639 ipsius
1244 3560 1365 3640 Congre

298 3659 447 3740 gationis,
473 3679 510 3725 ac
534 3658 735 3725 Sanctissimi
757 3660 889 3724 Domini
914 3662 1019 3744 Papae
1040 3661 1246 3726 seutentiam
1262 3658 1363 3726 clarius

298 3761 457 3843 accipiat,
479 3762 592 3845 sicque
616 3764 666 3827 via
692 3764 796 3827 curaris
822 3762 1057 3846 praecludatur
1079 3762 1280 3848 unicumque
1297 3763 1362 3826 ulte·

296 3861 378 3923 riori
403 3862 672 3946 interpretationi
695 3867 830 3948 proprio
853 3863 963 3928 lubitu
987 3863 1103 3928 iisdem
1124 3867 1280 3929 Decretis
1294 3863 1363 3928 dan⁴

298 3958 368 4026 dae.
398 3964 505 4029 Dubia
529 3967 641 4048 itaque
672 3965 711 4030 ab
739 3965 811 4048 ipso
838 3965 1008 4049 proposita
1028 3965 1075 4028 sic
1100 3983 1137 4028 se
1164 3965 1300 4031 babent.

386 4065 410 4130 1.
435 4068 487 4131 Au
509 4069 662 4153 Magister
690 4068 851 4151 generalis
876 4066 1007 4133 Ordinis
1035 4067 1306 4133 Praedicatorum
1323 4081 1364 4148 po

301 4165 405 4230 tuerit
430 4166 552 4253 absque
578 4188 737 4235 consensu
765 4166 911 4251 Capituli
928 4167 1089 4251 generalis
1110 4169 1364 4255 et-Supariorud
