2828 4904
880 320 925 335 -
940 281 1068 352 210-

425 403 616 483 metuerat,
644 403 771 470 beatam
793 402 1020 490 Redemptoris
1048 401 1153 489 ipsius
1181 400 1325 467 Matrem

421 510 610 597 significari.
631 509 808 576 ludubium
824 509 902 574 item
920 517 970 574 est
988 508 1114 595 aliquid
1129 507 1169 573 dc
1189 529 1228 573 ea
1248 530 1335 595 praet

332 700 336 707 1
421 615 536 701 gulare
552 636 689 702 prorsus
709 637 747 680 ac
770 615 904 693 mirum,
923 613 1011 700 quod
1032 635 1108 678 cum
1131 613 1226 700 pleno
1246 614 1307 700 qui
1333 645 1335 668 ι

337 710 341 715 ’
420 717 461 784 de
484 727 632 806 peccato,
658 718 764 806 deque
786 717 915 783 diabolo
943 717 1097 782 ferendus
1120 726 1192 782 erat
1215 716 1335 803 triump

422 823 503 888 sime
523 822 707 909 copulatur.
732 822 821 900 Quid
836 843 912 888 vero
928 822 1126 887 adamussim
1150 822 1228 886 huic
1245 842 1335 907 resp(

421 926 504 991 tioni
523 934 648 1013 potest,
667 926 731 990 nisi
749 926 901 991 Mulieris
924 927 1035 1004 huius,
1052 948 1111 1013 per
1126 945 1225 1012 quam
1250 947 1335 990 nova

420 1029 532 1115 generi
551 1028 695 1094 conditio
711 1029 828 1094 salutis
849 1029 1067 1094 instauratrix
1088 1050 1248 1094 exorsura
1264 1036 1335 1094 erat

419 1131 542 1199 diaboli
557 1133 664 1221 ipsius
680 1133 837 1198 servitute
859 1132 1032 1218 exemptio,
1050 1153 1069 1196 a
1084 1132 1199 1219 quavis
1222 1141 1335 1217 peccat

418 1231 586 1305 munitas?
603 1236 710 1302 Habes
725 1258 803 1323 ergo
818 1258 881 1301 non
908 1243 1034 1301 tantum
1057 1237 1091 1301 in
1114 1235 1213 1302 verbo
1230 1237 1294 1301 Dei
1322 1258 1335 1302 s

418 1341 482 1408 luti
497 1342 532 1407 in
548 1343 669 1408 semine
692 1340 894 1419 delitescens,
911 1350 1070 1426 quantum
1094 1339 1162 1406 fere
1186 1341 1253 1405 iam
1272 1363 1335 1428 pro

290 1432 294 1441 ¹
357 1459 359 1463 ’
417 1443 617 1512 immaculati
632 1446 793 1531 Deiparae
809 1444 993 1531 Conceptus
1009 1444 1213 1534 mysterium,
1235 1446 1335 1510 Fatec

418 1549 540 1615 biblico
554 1550 739 1617 testimonio
756 1570 825 1614 rem
842 1543 1069 1624 ἀποδεικτικῶς
1084 1571 1148 1614 non
1164 1547 1322 1632 deliniri;

330 1651 336 1664 '
419 1674 494 1717 nam
517 1674 668 1740 repones,
692 1674 767 1718 cum
792 1662 879 1717 tanta
902 1653 1088 1717 traditionis
1112 1653 1160 1719 vis
1185 1650 1335 1716 accedat⁴

421 1755 455 1820 id
478 1763 547 1821 tota
568 1757 733 1843 conspiret
749 1764 787 1820 ut
804 1759 997 1844 mysterium
1012 1757 1138 1844 ipsum,
1153 1755 1265 1842 paullo
1283 1755 1335 1820 adl

420 1881 500 1925 xum
519 1859 671 1948 explicet,
696 1859 927 1925 adumbratum
953 1860 1124 1939 enucleet,
1149 1868 1335 1926 contractui

420 1985 458 2030 ac
481 1964 715 2043 micantissima
738 1965 812 2029 lucc
836 1958 1040 2050 perfundat?

439 2104 443 2113 .
509 2069 578 2133 lloc
600 2068 707 2154 igitur
729 2076 881 2155 superest
901 2067 1151 2147 ostendendum,
1177 2076 1215 2132 ut
1239 2089 1335 2156 nemp

418 2170 481 2239 Dei
504 2171 665 2257 scriptum
687 2193 764 2237 cum
790 2171 891 2238 verbo
913 2172 975 2237 Dei
1004 2170 1124 2236 tradito
1147 2170 1189 2235 ad
1212 2193 1319 2236 unum

418 2282 563 2355 constet,
587 2295 625 2341 ac
658 2282 777 2341 mutuo
810 2295 882 2340 sese
912 2274 1062 2341 subsidio
1084 2276 1237 2362 excipere
1265 2298 1305 2341 ac

419 2385 510 2445 tanto
532 2378 593 2446 hoc
616 2382 655 2447 B.
679 2379 810 2466 Virgini
833 2381 1005 2467 privilegio
1028 2379 1222 2446 adserendo.
1248 2379 1335 2467 Singa

322 2484 326 2491 '
418 2482 605 2551 traditionis
623 2484 839 2577 instrumenta
858 2491 1101 2570 persequentes,
1119 2483 1313 2549 accedamus
1331 2511 1335 2546 .·

420 2608 564 2676 quorum
585 2587 652 2652 iam
674 2586 794 2673 moltos
817 2586 858 2652 ab
881 2588 1058 2674 apostolica
1080 2596 1186 2653 aetate
1208 2587 1255 2662 ad,
1275 2592 1331 2653 Au

418 2689 531 2778 plures
554 2688 595 2755 ab
618 2691 806 2785 Augustino
821 2690 862 2755 ad
879 2691 1080 2756 Bernardum
1104 2712 1211 2778 usque
1235 2692 1271 2756 in
1288 2696 1335 2778 pri

417 2791 659 2861 lucubrationis
682 2795 780 2859 Parte
803 2795 1011 2880 protulimus.
1037 2795 1100 2860 Sed
1116 2797 1270 2883 quoniam
1295 2797 1335 2860 he

418 2895 553 2964 ditionis
576 2897 609 2963 vi
623 2888 848 2980 ¹,insistendum
871 2899 1074 2984 potissimum
1093 2909 1153 2977 est,
1175 2901 1335 2966 inserita

221 3031 294 3081 po„
317 3029 367 3080 Pa·
418 3023 541 3090 paucos
565 3001 706 3096 adiicere
724 3002 845 3089 quihus
862 3003 940 3068 hacc
964 3006 1070 3090 opima
1086 3005 1150 3069 iam
1168 3027 1260 3090 seges
1279 3028 1331 3070 ma

187 3101 368 3152 trumaescri·
419 3107 568 3175 ditescat.
593 3097 708 3193 Neque
731 3128 841 3172 omnes
864 3109 993 3204 omninp
1024 3109 1081 3195 qui
1108 3110 1218 3173 afferri
1240 3131 1335 3196 posse

187 3177 254 3235 ptor.
274 3173 365 3221 eccles.
486 3212 493 3226 .
636 3213 656 3226 ..
777 3212 785 3226 .
910 3213 915 3225 .
1237 3215 1244 3227 .

206 3243 348 3292 „mmm
419 3211 583 3301 pabrmur:
602 3211 658 3276 alu
676 3209 759 3276 forte
775 3210 970 3276 industriam
988 3221 1129 3278 nostram
1146 3214 1317 3299 effugient,

197 3312 365 3376 proteruntur
420 3314 509 3380 sulto
532 3315 731 3405 omittimus,
750 3323 790 3380 ut
803 3316 912 3402 potius
932 3317 991 3382 hac
1008 3318 1042 3381 in
1057 3341 1094 3382 rc
1116 3319 1204 3403 parci
1223 3339 1261 3382 ac
1282 3319 1336 3385 del

419 3418 494 3484 dam
518 3427 659 3498 utentes,
684 3441 783 3506 quam
805 3420 902 3484 nimis
929 3421 1024 3486 ellusi
1049 3443 1086 3486 ac
1110 3421 1222 3486 faciles
1245 3422 1335 3488 videa

511 3520 587 3586 Sese
599 3521 634 3586 in
645 3522 761 3608 primis
773 3522 868 3587 uobis
881 3522 1081 3588 commendat
1099 3545 1123 3588 s.
1142 3527 1260 3589 Petrus
1279 3526 1335 3591 Clu

203 3648 243 3701 n,
254 3663 275 3700 .,
288 3652 367 3703 retro
419 3625 478 3717 qui
497 3648 580 3693 anno
595 3621 662 3696 tlt}
675 3619 831 3723 'lloreliat
848 3628 888 3692 ls'
900 3620 1011 3715 aperie
1035 3631 1171 3695 affirmat
1186 3632 1223 3694 B.
1237 3629 1336 3718 virgi

197 3723 355 3789 chrysologo
420 3730 527 3797 adhuc
550 3729 654 3810 fieret,
678 3732 795 3799 souin
817 3732 887 3820 ipsa
905 3734 1115 3820 conceptione
1137 3755 1157 3800 a
1176 3733 1288 3800 Verbo
1304 3757 1335 3801 se

421 3835 456 3900 in
483 3854 634 3921 sponsam
656 3834 721 3900 sibi
744 3835 990 3922 oppignoratam
1012 3835 1117 3902 fuisse
1140 3837 1182 3902 iis
1206 3836 1335 3905 verbis:

422 3940 465 4008 cd
478 3958 624 4026 sponsam
638 3939 954 4031 festinans-interpres,
973 3953 1009 4005 nt
1032 3965 1053 4006 c
1070 3942 1131 4005 Dei
1150 3964 1265 4030 sponsa
1287 3943 1335 4008 lna

420 4040 628 4139 sponsationis
649 4044 770 4131 arceat,
785 4054 815 4107 et
837 4045 1005 4130 suspendat
1028 4045 1188 4128 affectam,
1204 4068 1303 4134 neque
1323 4072 1335 4111 ι

409 4142 532 4237 'loseph
560 4140 727 4237 l's'rpt'nem,
749 4147 802 4216 sed
820 4149 930 4231 reddat
950 4147 1086 4229 caran,
1113 4156 1167 4216 cut
1187 4163 1229 4216 est
1254 4157 1289 4217 in
1308 4174 1335 4219 n
