<?xml version="1.0" encoding="UTF-8"?>
<!DOCTYPE html PUBLIC "-//W3C//DTD XHTML 1.0 Transitional//EN"
    "http://www.w3.org/TR/xhtml1/DTD/xhtml1-transitional.dtd">
<html xmlns="http://www.w3.org/1999/xhtml" xml:lang="en" lang="en">
 <head>
  <title>
</title>
<meta http-equiv="Content-Type" content="text/html;charset=utf-8" />
  <meta name='ocr-system' content='tesseract 3.04.00' />
  <meta name='ocr-capabilities' content='ocr_page ocr_carea ocr_par ocr_line ocrx_word'/>
</head>
<body>
  <div class='ocr_page' id='page_1' title='image "./deimmaculatobvm00perrgoog_0251.png"; bbox 0 0 2828 4904; ppageno 0'>
   <div class='ocr_carea' id='block_1_1' title="bbox 725 302 912 379">
    <p class='ocr_par' dir='ltr' id='par_1_1' title="bbox 725 302 912 379">
     <span class='ocr_line' id='line_1_1' title="bbox 725 302 912 379; baseline 0.016 -4"><span class='ocrx_word' id='word_1_1' title='bbox 725 302 912 379; x_wconf 69' lang='grc'>-134-</span> 
     </span>
    </p>
   </div>
   <div class='ocr_carea' id='block_1_2' title="bbox 43 431 1404 3775">
    <p class='ocr_par' dir='ltr' id='par_1_2' title="bbox 43 431 1404 3775">
     <span class='ocr_line' id='line_1_2' title="bbox 274 431 1404 521; baseline 0.001 -22"><span class='ocrx_word' id='word_1_2' title='bbox 274 453 349 510; x_wconf 83' lang='lat' dir='ltr'><strong>rum</strong></span> <span class='ocrx_word' id='word_1_3' title='bbox 373 433 514 520; x_wconf 89' lang='lat' dir='ltr'><strong>impetus</strong></span> <span class='ocrx_word' id='word_1_4' title='bbox 537 431 761 498; x_wconf 88' lang='lat' dir='ltr'><strong>retundamus.</strong></span> <span class='ocrx_word' id='word_1_5' title='bbox 780 434 985 521; x_wconf 80' lang='lat' dir='ltr'><strong>Quamquam</strong></span> <span class='ocrx_word' id='word_1_6' title='bbox 1001 439 1076 498; x_wconf 84' lang='lat' dir='ltr'><strong>rota</strong></span> <span class='ocrx_word' id='word_1_7' title='bbox 1093 439 1209 498; x_wconf 87' lang='lat' dir='ltr'><strong>nostra</strong></span> <span class='ocrx_word' id='word_1_8' title='bbox 1234 439 1294 499; x_wconf 90' lang='lat' dir='ltr'><strong>tam</strong></span> <span class='ocrx_word' id='word_1_9' title='bbox 1308 455 1355 500; x_wconf 77' lang='lat' dir='ltr'><strong>an</strong></span> <span class='ocrx_word' id='word_1_10' title='bbox 1389 462 1404 506; x_wconf 77' lang='lat' dir='ltr'><strong>n</strong></span> 
     </span>
     <span class='ocr_line' id='line_1_3' title="bbox 274 536 1402 627; baseline 0.004 -22"><span class='ocrx_word' id='word_1_11' title='bbox 274 540 380 627; x_wconf 85' lang='lat' dir='ltr'><strong>gustis</strong></span> <span class='ocrx_word' id='word_1_12' title='bbox 404 539 552 603; x_wconf 90' lang='lat' dir='ltr'><strong>terminis</strong></span> <span class='ocrx_word' id='word_1_13' title='bbox 577 537 705 603; x_wconf 78' lang='lat' dir='ltr'><strong>deliniri</strong></span> <span class='ocrx_word' id='word_1_14' title='bbox 727 559 791 604; x_wconf 91' lang='lat' dir='ltr'><strong>non</strong></span> <span class='ocrx_word' id='word_1_15' title='bbox 814 537 917 623; x_wconf 86' lang='lat' dir='ltr'><strong>decet3</strong></span> <span class='ocrx_word' id='word_1_16' title='bbox 934 537 991 604; x_wconf 87' lang='lat' dir='ltr'><strong>sed</strong></span> <span class='ocrx_word' id='word_1_17' title='bbox 1008 536 1213 625; x_wconf 88' lang='lat' dir='ltr'><strong>sperandum</strong></span> <span class='ocrx_word' id='word_1_18' title='bbox 1235 546 1291 619; x_wconf 86' lang='lat' dir='ltr'><strong>est,</strong></span> <span class='ocrx_word' id='word_1_19' title='bbox 1312 538 1355 605; x_wconf 82' lang='lat' dir='ltr'><strong>uel</strong></span> <span class='ocrx_word' id='word_1_20' title='bbox 1390 570 1402 610; x_wconf 73' lang='lat' dir='ltr'><strong>e</strong></span> 
     </span>
     <span class='ocr_line' id='line_1_4' title="bbox 272 642 1404 733; baseline 0.004 -21"><span class='ocrx_word' id='word_1_21' title='bbox 272 643 498 712; x_wconf 88' lang='lat' dir='ltr'><strong>confidendum</strong></span> <span class='ocrx_word' id='word_1_22' title='bbox 521 646 654 732; x_wconf 85' lang='lat' dir='ltr'><strong>potius,</strong></span> <span class='ocrx_word' id='word_1_23' title='bbox 680 642 748 710; x_wconf 89' lang='lat' dir='ltr'><strong>lore</strong></span> <span class='ocrx_word' id='word_1_24' title='bbox 771 651 809 709; x_wconf 93' lang='lat' dir='ltr'><strong>ut</strong></span> <span class='ocrx_word' id='word_1_25' title='bbox 836 644 971 733; x_wconf 76' lang='lat' dir='ltr'><strong>auspice</strong></span> <span class='ocrx_word' id='word_1_26' title='bbox 993 665 1033 710; x_wconf 88' lang='lat' dir='ltr'><strong>ac</strong></span> <span class='ocrx_word' id='word_1_27' title='bbox 1058 643 1146 711; x_wconf 90' lang='lat' dir='ltr'><strong>duce</strong></span> <span class='ocrx_word' id='word_1_28' title='bbox 1172 645 1235 711; x_wconf 88' lang='lat' dir='ltr'><strong>Dei</strong></span> <span class='ocrx_word' id='word_1_29' title='bbox 1262 647 1357 713; x_wconf 85' lang='lat' dir='ltr'><strong>Matre</strong></span> <span class='ocrx_word' id='word_1_30' title='bbox 1391 656 1404 716; x_wconf 81' lang='lat' dir='ltr'><strong>l</strong></span> 
     </span>
     <span class='ocr_line' id='line_1_5' title="bbox 273 747 1404 846; baseline 0.003 -32"><span class='ocrx_word' id='word_1_31' title='bbox 273 749 488 828; x_wconf 81' lang='lat' dir='ltr'><strong>sanctissima,</strong></span> <span class='ocrx_word' id='word_1_32' title='bbox 501 750 652 814; x_wconf 84' lang='lat' dir='ltr'><strong>victricia</strong></span> <span class='ocrx_word' id='word_1_33' title='bbox 669 750 761 836; x_wconf 89' lang='lat' dir='ltr'><strong>signa</strong></span> <span class='ocrx_word' id='word_1_34' title='bbox 774 749 806 813; x_wconf 94' lang='lat' dir='ltr'><strong>in</strong></span> <span class='ocrx_word' id='word_1_35' title='bbox 820 748 891 837; x_wconf 82' lang='lat' dir='ltr'><strong>ipsa</strong></span> <span class='ocrx_word' id='word_1_36' title='bbox 907 747 1088 814; x_wconf 84' lang='lat' dir='ltr'><strong>inieramus</strong></span> <span class='ocrx_word' id='word_1_37' title='bbox 1104 747 1361 819; x_wconf 86' lang='lat' dir='ltr'><strong>adversariorum</strong></span> <span class='ocrx_word' id='word_1_38' title='bbox 1391 783 1404 846; x_wconf 74' lang='lat' dir='ltr'><strong>p</strong></span> 
     </span>
     <span class='ocr_line' id='line_1_6' title="bbox 272 850 1401 941; baseline 0.001 -21"><span class='ocrx_word' id='word_1_39' title='bbox 272 861 402 933; x_wconf 85' lang='lat' dir='ltr'><strong>castra,</strong></span> <span class='ocrx_word' id='word_1_40' title='bbox 427 872 607 939; x_wconf 90' lang='lat' dir='ltr'><strong>eorumque</strong></span> <span class='ocrx_word' id='word_1_41' title='bbox 642 854 765 918; x_wconf 86' lang='lat' dir='ltr'><strong>animos</strong></span> <span class='ocrx_word' id='word_1_42' title='bbox 789 853 820 918; x_wconf 90' lang='lat' dir='ltr'><strong>vi</strong></span> <span class='ocrx_word' id='word_1_43' title='bbox 850 853 999 918; x_wconf 87' lang='lat' dir='ltr'><strong>veritatis</strong></span> <span class='ocrx_word' id='word_1_44' title='bbox 1032 850 1211 941; x_wconf 89' lang='lat' dir='ltr'><strong>perculsos</strong></span> <span class='ocrx_word' id='word_1_45' title='bbox 1246 854 1362 921; x_wconf 77' lang='lat' dir='ltr'><strong>ande·</strong></span> <span class='ocrx_word' id='word_1_46' title='bbox 1392 888 1401 928; x_wconf 63' lang='lat' dir='ltr'><strong>a</strong></span> 
     </span>
     <span class='ocr_line' id='line_1_7' title="bbox 271 954 1404 1046; baseline 0.003 -22"><span class='ocrx_word' id='word_1_47' title='bbox 271 958 447 1046; x_wconf 87' lang='lat' dir='ltr'><strong>aliquando</strong></span> <span class='ocrx_word' id='word_1_48' title='bbox 471 980 708 1045; x_wconf 79' lang='lat' dir='ltr'><strong>expugnemus.</strong></span> <span class='ocrx_word' id='word_1_49' title='bbox 734 954 831 1037; x_wconf 88' lang='lat' dir='ltr'><strong>Quod</strong></span> <span class='ocrx_word' id='word_1_50' title='bbox 851 958 984 1046; x_wconf 87' lang='lat' dir='ltr'><strong>quidem</strong></span> <span class='ocrx_word' id='word_1_51' title='bbox 1007 959 1173 1026; x_wconf 83' lang='lat' dir='ltr'><strong>victoriae</strong></span> <span class='ocrx_word' id='word_1_52' title='bbox 1198 980 1303 1046; x_wconf 82' lang='lat' dir='ltr'><strong>genus</strong></span> <span class='ocrx_word' id='word_1_53' title='bbox 1321 969 1363 1027; x_wconf 86' lang='lat' dir='ltr'><strong>est</strong></span> <span class='ocrx_word' id='word_1_54' title='bbox 1394 972 1404 1033; x_wconf 67' lang='grc'>1</span> 
     </span>
     <span class='ocr_line' id='line_1_8' title="bbox 271 1058 1403 1151; baseline 0 -20"><span class='ocrx_word' id='word_1_55' title='bbox 271 1073 341 1131; x_wconf 86' lang='lat' dir='ltr'><strong>tum</strong></span> <span class='ocrx_word' id='word_1_56' title='bbox 365 1064 473 1130; x_wconf 77' lang='lat' dir='ltr'><strong>nobile</strong></span> <span class='ocrx_word' id='word_1_57' title='bbox 496 1065 530 1129; x_wconf 97' lang='lat' dir='ltr'><strong>in</strong></span> <span class='ocrx_word' id='word_1_58' title='bbox 554 1064 670 1151; x_wconf 88' lang='lat' dir='ltr'><strong>primis</strong></span> <span class='ocrx_word' id='word_1_59' title='bbox 694 1073 793 1151; x_wconf 87' lang='lat' dir='ltr'><strong>atque</strong></span> <span class='ocrx_word' id='word_1_60' title='bbox 816 1058 1041 1150; x_wconf 83' lang='lat' dir='ltr'><strong>praeclarum,</strong></span> <span class='ocrx_word' id='word_1_61' title='bbox 1065 1085 1145 1130; x_wconf 91' lang='lat' dir='ltr'><strong>cum</strong></span> <span class='ocrx_word' id='word_1_62' title='bbox 1173 1086 1257 1131; x_wconf 86' lang='lat' dir='ltr'><strong>vero</strong></span> <span class='ocrx_word' id='word_1_63' title='bbox 1279 1067 1363 1131; x_wconf 78' lang='lat' dir='ltr'><strong>edan</strong></span> <span class='ocrx_word' id='word_1_64' title='bbox 1395 1100 1403 1139; x_wconf 56' lang='grc' dir='ltr'>ῃ</span> 
     </span>
     <span class='ocr_line' id='line_1_9' title="bbox 271 1165 1404 1255; baseline 0.003 -23"><span class='ocrx_word' id='word_1_65' title='bbox 271 1174 376 1232; x_wconf 88' lang='lat' dir='ltr'><strong>aetate</strong></span> <span class='ocrx_word' id='word_1_66' title='bbox 399 1168 459 1232; x_wconf 89' lang='lat' dir='ltr'><strong>bac</strong></span> <span class='ocrx_word' id='word_1_67' title='bbox 484 1175 593 1231; x_wconf 87' lang='lat' dir='ltr'><strong>nostra</strong></span> <span class='ocrx_word' id='word_1_68' title='bbox 611 1165 928 1254; x_wconf 63' lang='lat' dir='ltr'><strong>frequentissimum</strong></span> <span class='ocrx_word' id='word_1_69' title='bbox 945 1172 984 1231; x_wconf 92' lang='lat' dir='ltr'><strong>ut</strong></span> <span class='ocrx_word' id='word_1_70' title='bbox 1003 1175 1117 1255; x_wconf 89' lang='lat' dir='ltr'><strong>aperte</strong></span> <span class='ocrx_word' id='word_1_71' title='bbox 1144 1171 1362 1236; x_wconf 80' lang='lat' dir='ltr'><strong>testanturri·</strong></span> <span class='ocrx_word' id='word_1_72' title='bbox 1395 1185 1404 1245; x_wconf 69' lang='lat' dir='ltr'><strong>l</strong></span> 
     </span>
     <span class='ocr_line' id='line_1_10' title="bbox 270 1270 1404 1360; baseline 0.004 -25"><span class='ocrx_word' id='word_1_73' title='bbox 270 1271 301 1335; x_wconf 91' lang='lat' dir='ltr'><strong>ri</strong></span> <span class='ocrx_word' id='word_1_74' title='bbox 323 1270 471 1358; x_wconf 70' lang='lat' dir='ltr'><strong>plurimi,</strong></span> <span class='ocrx_word' id='word_1_75' title='bbox 498 1270 675 1358; x_wconf 73' lang='lat' dir='ltr'><strong>munitisque</strong></span> <span class='ocrx_word' id='word_1_76' title='bbox 699 1271 886 1337; x_wconf 85' lang='lat' dir='ltr'><strong>nominibus</strong></span> <span class='ocrx_word' id='word_1_77' title='bbox 902 1272 1058 1359; x_wconf 82' lang='lat' dir='ltr'><strong>insigues,</strong></span> <span class='ocrx_word' id='word_1_78' title='bbox 1080 1271 1144 1360; x_wconf 86' lang='lat' dir='ltr'><strong>qui</strong></span> <span class='ocrx_word' id='word_1_79' title='bbox 1164 1271 1356 1360; x_wconf 82' lang='lat' dir='ltr'><strong>ubiqueter</strong></span> <span class='ocrx_word' id='word_1_80' title='bbox 1394 1287 1404 1350; x_wconf 60' lang='lat' dir='ltr'><strong>,l</strong></span> 
     </span>
     <span class='ocr_line' id='line_1_11' title="bbox 269 1372 1404 1460; baseline 0.003 -21"><span class='ocrx_word' id='word_1_81' title='bbox 269 1395 393 1453; x_wconf 84' lang='lat' dir='ltr'><strong>rurum,</strong></span> <span class='ocrx_word' id='word_1_82' title='bbox 411 1373 516 1438; x_wconf 90' lang='lat' dir='ltr'><strong>sedin</strong></span> <span class='ocrx_word' id='word_1_83' title='bbox 534 1372 651 1459; x_wconf 70' lang='lat' dir='ltr'><strong>anglia</strong></span> <span class='ocrx_word' id='word_1_84' title='bbox 668 1376 876 1460; x_wconf 81' lang='lat' dir='ltr'><strong>praesertim,</strong></span> <span class='ocrx_word' id='word_1_85' title='bbox 894 1376 928 1441; x_wconf 92' lang='lat' dir='ltr'><strong>in</strong></span> <span class='ocrx_word' id='word_1_86' title='bbox 943 1376 1094 1442; x_wconf 78' lang='lat' dir='ltr'><strong>America</strong></span> <span class='ocrx_word' id='word_1_87' title='bbox 1118 1385 1157 1442; x_wconf 87' lang='lat' dir='ltr'><strong>et</strong></span> <span class='ocrx_word' id='word_1_88' title='bbox 1182 1374 1352 1453; x_wconf 74' lang='lat' dir='ltr'><strong>Germania</strong></span> <span class='ocrx_word' id='word_1_89' title='bbox 1393 1408 1404 1455; x_wconf 68' lang='lat' dir='ltr'><strong>p</strong></span> 
     </span>
     <span class='ocr_line' id='line_1_12' title="bbox 270 1478 1404 1565; baseline 0.002 -21"><span class='ocrx_word' id='word_1_90' title='bbox 270 1478 409 1544; x_wconf 88' lang='lat' dir='ltr'><strong>eiuratis</strong></span> <span class='ocrx_word' id='word_1_91' title='bbox 424 1487 587 1543; x_wconf 86' lang='lat' dir='ltr'><strong>sectarum</strong></span> <span class='ocrx_word' id='word_1_92' title='bbox 603 1478 796 1557; x_wconf 84' lang='lat' dir='ltr'><strong>erroribus,</strong></span> <span class='ocrx_word' id='word_1_93' title='bbox 814 1500 965 1545; x_wconf 84' lang='lat' dir='ltr'><strong>romanae</strong></span> <span class='ocrx_word' id='word_1_94' title='bbox 981 1478 1154 1546; x_wconf 80' lang='lat' dir='ltr'><strong>Ecclesiae</strong></span> <span class='ocrx_word' id='word_1_95' title='bbox 1177 1498 1300 1546; x_wconf 90' lang='lat' dir='ltr'><strong>nomen</strong></span> <span class='ocrx_word' id='word_1_96' title='bbox 1319 1479 1357 1546; x_wconf 79' lang='lat' dir='ltr'><strong>de</strong></span> <span class='ocrx_word' id='word_1_97' title='bbox 1394 1522 1404 1565; x_wconf 62' lang='lat' dir='ltr'><strong>p</strong></span> 
     </span>
     <span class='ocr_line' id='line_1_13' title="bbox 165 1578 1404 1673; baseline 0.002 -26"><span class='ocrx_word' id='word_1_98' title='bbox 165 1596 168 1603; x_wconf 87' lang='lat'>&#39;</span> <span class='ocrx_word' id='word_1_99' title='bbox 243 1579 401 1648; x_wconf 66' lang='lat' dir='ltr'><strong>xderunt.</strong></span> <span class='ocrx_word' id='word_1_100' title='bbox 426 1583 612 1670; x_wconf 87' lang='lat' dir='ltr'><strong>Optaudum</strong></span> <span class='ocrx_word' id='word_1_101' title='bbox 636 1590 809 1671; x_wconf 90' lang='lat' dir='ltr'><strong>propterea</strong></span> <span class='ocrx_word' id='word_1_102' title='bbox 833 1592 894 1664; x_wconf 86' lang='lat' dir='ltr'><strong>est,</strong></span> <span class='ocrx_word' id='word_1_103' title='bbox 919 1590 1018 1672; x_wconf 87' lang='lat' dir='ltr'><strong>atque</strong></span> <span class='ocrx_word' id='word_1_104' title='bbox 1040 1584 1155 1649; x_wconf 79' lang='lat' dir='ltr'><strong>enixis</strong></span> <span class='ocrx_word' id='word_1_105' title='bbox 1181 1583 1359 1673; x_wconf 82' lang='lat' dir='ltr'><strong>precibusr</strong></span> <span class='ocrx_word' id='word_1_106' title='bbox 1393 1578 1404 1667; x_wconf 43' lang='grc' dir='ltr'><strong>ξι</strong></span> 
     </span>
     <span class='ocr_line' id='line_1_14' title="bbox 271 1687 1404 1777; baseline 0 -22"><span class='ocrx_word' id='word_1_107' title='bbox 271 1691 341 1755; x_wconf 87' lang='lat' dir='ltr'><strong>Deo</strong></span> <span class='ocrx_word' id='word_1_108' title='bbox 364 1688 607 1777; x_wconf 85' lang='lat' dir='ltr'><strong>postulandum,</strong></span> <span class='ocrx_word' id='word_1_109' title='bbox 625 1696 663 1754; x_wconf 90' lang='lat' dir='ltr'><strong>ut</strong></span> <span class='ocrx_word' id='word_1_110' title='bbox 679 1710 821 1777; x_wconf 88' lang='lat' dir='ltr'><strong>quorum</strong></span> <span class='ocrx_word' id='word_1_111' title='bbox 844 1690 1009 1756; x_wconf 88' lang='lat' dir='ltr'><strong>mentibus</strong></span> <span class='ocrx_word' id='word_1_112' title='bbox 1026 1689 1138 1756; x_wconf 86' lang='lat' dir='ltr'><strong>adbuc</strong></span> <span class='ocrx_word' id='word_1_113' title='bbox 1156 1689 1315 1757; x_wconf 76' lang='lat' dir='ltr'><strong>tenebrae</strong></span> <span class='ocrx_word' id='word_1_114' title='bbox 1326 1687 1360 1756; x_wconf 79' lang='lat' dir='ltr'><strong>ol</strong></span> <span class='ocrx_word' id='word_1_115' title='bbox 1395 1731 1404 1771; x_wconf 66' lang='lat' dir='ltr'><strong>p</strong></span> 
     </span>
     <span class='ocr_line' id='line_1_15' title="bbox 273 1783 1404 1884; baseline 0.001 -25"><span class='ocrx_word' id='word_1_116' title='bbox 273 1792 367 1860; x_wconf 82' lang='lat' dir='ltr'><strong>lusae</strong></span> <span class='ocrx_word' id='word_1_117' title='bbox 385 1802 473 1873; x_wconf 89' lang='lat' dir='ltr'><strong>sunt,</strong></span> <span class='ocrx_word' id='word_1_118' title='bbox 491 1795 608 1860; x_wconf 91' lang='lat' dir='ltr'><strong>borum</strong></span> <span class='ocrx_word' id='word_1_119' title='bbox 624 1794 723 1859; x_wconf 89' lang='lat' dir='ltr'><strong>etiam</strong></span> <span class='ocrx_word' id='word_1_120' title='bbox 739 1793 852 1860; x_wconf 92' lang='lat' dir='ltr'><strong>oculos</strong></span> <span class='ocrx_word' id='word_1_121' title='bbox 869 1794 1020 1882; x_wconf 83' lang='lat' dir='ltr'><strong>splendor</strong></span> <span class='ocrx_word' id='word_1_122' title='bbox 1034 1795 1193 1861; x_wconf 86' lang='lat' dir='ltr'><strong>veritatis</strong></span> <span class='ocrx_word' id='word_1_123' title='bbox 1209 1791 1360 1884; x_wconf 85' lang='lat' dir='ltr'><strong>percellat</strong></span> <span class='ocrx_word' id='word_1_124' title='bbox 1379 1783 1382 1792; x_wconf 49' lang='lat'>¹</span> <span class='ocrx_word' id='word_1_125' title='bbox 1400 1816 1404 1876; x_wconf 67' lang='lat' dir='ltr'><strong>p</strong></span> 
     </span>
     <span class='ocr_line' id='line_1_16' title="bbox 66 1894 1404 1988; baseline 0.002 -24"><span class='ocrx_word' id='word_1_126' title='bbox 66 1894 223 1987; x_wconf 71' lang='lat' dir='ltr'><strong>comproba·</strong></span> <span class='ocrx_word' id='word_1_127' title='bbox 284 1950 288 1957; x_wconf 93' lang='lat'>.</span> <span class='ocrx_word' id='word_1_128' title='bbox 364 1898 400 1964; x_wconf 92' lang='lat' dir='ltr'><strong>ld</strong></span> <span class='ocrx_word' id='word_1_129' title='bbox 423 1921 501 1966; x_wconf 84' lang='lat' dir='ltr'><strong>vero</strong></span> <span class='ocrx_word' id='word_1_130' title='bbox 525 1921 595 1965; x_wconf 87' lang='lat' dir='ltr'><strong>esse</strong></span> <span class='ocrx_word' id='word_1_131' title='bbox 613 1921 670 1964; x_wconf 90' lang='lat' dir='ltr'><strong>nos</strong></span> <span class='ocrx_word' id='word_1_132' title='bbox 687 1921 705 1965; x_wconf 86' lang='lat' dir='ltr'><strong>a</strong></span> <span class='ocrx_word' id='word_1_133' title='bbox 722 1901 792 1966; x_wconf 88' lang='lat' dir='ltr'><strong>Deo</strong></span> <span class='ocrx_word' id='word_1_134' title='bbox 810 1900 942 1988; x_wconf 86' lang='lat' dir='ltr'><strong>Optimo</strong></span> <span class='ocrx_word' id='word_1_135' title='bbox 959 1900 1103 1967; x_wconf 84' lang='lat' dir='ltr'><strong>Maximo</strong></span> <span class='ocrx_word' id='word_1_136' title='bbox 1120 1900 1360 1988; x_wconf 77' lang='lat' dir='ltr'><strong>impetraturos,</strong></span> <span class='ocrx_word' id='word_1_137' title='bbox 1395 1938 1404 1979; x_wconf 62' lang='lat' dir='ltr'><strong>p</strong></span> 
     </span>
     <span class='ocr_line' id='line_1_17' title="bbox 44 1975 1361 2092; baseline 0.001 -22"><span class='ocrx_word' id='word_1_138' title='bbox 44 1975 221 2089; x_wconf 50' lang='grc' dir='ltr'><strong>ηξὲζιῖᾞζ</strong></span> <span class='ocrx_word' id='word_1_139' title='bbox 273 2011 407 2070; x_wconf 81' lang='lat' dir='ltr'><strong>exorata</strong></span> <span class='ocrx_word' id='word_1_140' title='bbox 432 2005 567 2091; x_wconf 78' lang='lat' dir='ltr'><strong>Virgine</strong></span> <span class='ocrx_word' id='word_1_141' title='bbox 595 2005 629 2069; x_wconf 91' lang='lat' dir='ltr'><strong>iu</strong></span> <span class='ocrx_word' id='word_1_142' title='bbox 658 2026 718 2070; x_wconf 91' lang='lat' dir='ltr'><strong>suo</strong></span> <span class='ocrx_word' id='word_1_143' title='bbox 746 2014 904 2092; x_wconf 90' lang='lat' dir='ltr'><strong>conceptu</strong></span> <span class='ocrx_word' id='word_1_144' title='bbox 933 2006 1153 2084; x_wconf 83' lang='lat' dir='ltr'><strong>intemerata,</strong></span> <span class='ocrx_word' id='word_1_145' title='bbox 1184 2027 1257 2072; x_wconf 92' lang='lat' dir='ltr'><strong>non</strong></span> <span class='ocrx_word' id='word_1_146' title='bbox 1281 2005 1361 2071; x_wconf 82' lang='lat' dir='ltr'><strong>coni·</strong></span> 
     </span>
     <span class='ocr_line' id='line_1_18' title="bbox 43 2107 1359 2200; baseline -0.002 -25"><span class='ocrx_word' id='word_1_147' title='bbox 43 2108 221 2194; x_wconf 53' lang='lat' dir='ltr'><strong>praeponamu-</strong></span> <span class='ocrx_word' id='word_1_148' title='bbox 273 2108 389 2175; x_wconf 93' lang='lat' dir='ltr'><strong>ciendo</strong></span> <span class='ocrx_word' id='word_1_149' title='bbox 413 2107 517 2175; x_wconf 88' lang='lat' dir='ltr'><strong>solum</strong></span> <span class='ocrx_word' id='word_1_150' title='bbox 548 2109 765 2188; x_wconf 85' lang='lat' dir='ltr'><strong>affirmamus,</strong></span> <span class='ocrx_word' id='word_1_151' title='bbox 791 2109 847 2176; x_wconf 86' lang='lat' dir='ltr'><strong>sed</strong></span> <span class='ocrx_word' id='word_1_152' title='bbox 871 2112 990 2200; x_wconf 89' lang='lat' dir='ltr'><strong>pignus</strong></span> <span class='ocrx_word' id='word_1_153' title='bbox 1017 2107 1115 2174; x_wconf 86' lang='lat' dir='ltr'><strong>etiam</strong></span> <span class='ocrx_word' id='word_1_154' title='bbox 1150 2109 1359 2176; x_wconf 87' lang='lat' dir='ltr'><strong>certissimum</strong></span> 
     </span>
     <span class='ocr_line' id='line_1_19' title="bbox 43 2180 1404 2310; baseline -0.015 -10"><span class='ocrx_word' id='word_1_155' title='bbox 43 2180 221 2310; x_wconf 53' lang='grc'><strong>1141111115</strong></span> <span class='ocrx_word' id='word_1_156' title='bbox 274 2216 355 2282; x_wconf 84' lang='lat' dir='ltr'><strong>tanti</strong></span> <span class='ocrx_word' id='word_1_157' title='bbox 379 2214 528 2282; x_wconf 85' lang='lat' dir='ltr'><strong>beneficii</strong></span> <span class='ocrx_word' id='word_1_158' title='bbox 555 2216 645 2283; x_wconf 92' lang='lat' dir='ltr'><strong>bisce</strong></span> <span class='ocrx_word' id='word_1_159' title='bbox 677 2216 878 2302; x_wconf 80' lang='lat' dir='ltr'><strong>temporibus</strong></span> <span class='ocrx_word' id='word_1_160' title='bbox 899 2217 987 2283; x_wconf 86' lang='lat' dir='ltr'><strong>nacti</strong></span> <span class='ocrx_word' id='word_1_161' title='bbox 1015 2235 1147 2282; x_wconf 79' lang='lat' dir='ltr'><strong>sumus.</strong></span> <span class='ocrx_word' id='word_1_162' title='bbox 1171 2219 1229 2283; x_wconf 84' lang='lat' dir='ltr'><strong>De</strong></span> <span class='ocrx_word' id='word_1_163' title='bbox 1259 2217 1356 2284; x_wconf 81' lang='lat' dir='ltr'><strong>illab</strong></span> <span class='ocrx_word' id='word_1_164' title='bbox 1399 2250 1404 2279; x_wconf 77' lang='lat' dir='ltr'><strong>t</strong></span> 
     </span>
     <span class='ocr_line' id='line_1_20' title="bbox 43 2319 1350 2413; baseline 0 -24"><span class='ocrx_word' id='word_1_165' title='bbox 43 2321 221 2406; x_wconf 25' lang='lat' dir='ltr'><strong>ammaon-tame</strong></span> <span class='ocrx_word' id='word_1_166' title='bbox 272 2344 358 2413; x_wconf 84' lang='lat' dir='ltr'><strong>quor</strong></span> <span class='ocrx_word' id='word_1_167' title='bbox 374 2320 546 2389; x_wconf 77' lang='lat' dir='ltr'><strong>sodalitate</strong></span> <span class='ocrx_word' id='word_1_168' title='bbox 565 2319 748 2410; x_wconf 86' lang='lat' dir='ltr'><strong>percelebri</strong></span> <span class='ocrx_word' id='word_1_169' title='bbox 764 2343 849 2409; x_wconf 89' lang='lat' dir='ltr'><strong>quae</strong></span> <span class='ocrx_word' id='word_1_170' title='bbox 865 2322 906 2388; x_wconf 90' lang='lat' dir='ltr'><strong>ad</strong></span> <span class='ocrx_word' id='word_1_171' title='bbox 922 2323 1097 2411; x_wconf 91' lang='lat' dir='ltr'><strong>impiorum</strong></span> <span class='ocrx_word' id='word_1_172' title='bbox 1118 2323 1261 2389; x_wconf 87' lang='lat' dir='ltr'><strong>animos</strong></span> <span class='ocrx_word' id='word_1_173' title='bbox 1285 2342 1350 2391; x_wconf 77' lang='lat' dir='ltr'><strong>aar</strong></span> 
     </span>
     <span class='ocr_line' id='line_1_21' title="bbox 43 2394 1349 2516; baseline 0.001 -23"><span class='ocrx_word' id='word_1_174' title='bbox 43 2394 172 2516; x_wconf 50' lang='lat' dir='ltr'><strong>ffiffl&#39;*</strong></span> <span class='ocrx_word' id='word_1_175' title='bbox 186 2409 220 2443; x_wconf 77' lang='lat'>&#39;¹¹&#39;</span> <span class='ocrx_word' id='word_1_176' title='bbox 273 2427 380 2493; x_wconf 89' lang='lat' dir='ltr'><strong>lerum</strong></span> <span class='ocrx_word' id='word_1_177' title='bbox 396 2429 587 2514; x_wconf 81' lang='lat' dir='ltr'><strong>contagione</strong></span> <span class='ocrx_word' id='word_1_178' title='bbox 604 2423 789 2493; x_wconf 87' lang='lat' dir='ltr'><strong>liberandos</strong></span> <span class='ocrx_word' id='word_1_179' title='bbox 807 2428 942 2494; x_wconf 85' lang='lat' dir='ltr'><strong>salutari</strong></span> <span class='ocrx_word' id='word_1_180' title='bbox 960 2448 1096 2515; x_wconf 89' lang='lat' dir='ltr'><strong>prorsus</strong></span> <span class='ocrx_word' id='word_1_181' title='bbox 1112 2427 1269 2494; x_wconf 89' lang='lat' dir='ltr'><strong>consilio</strong></span> <span class='ocrx_word' id='word_1_182' title='bbox 1290 2425 1349 2494; x_wconf 70' lang='lat' dir='ltr'><strong>int</strong></span> 
     </span>
     <span class='ocr_line' id='line_1_22' title="bbox 273 2529 1357 2618; baseline -0.002 -23"><span class='ocrx_word' id='word_1_183' title='bbox 273 2537 346 2596; x_wconf 88' lang='lat' dir='ltr'><strong>tuta</strong></span> <span class='ocrx_word' id='word_1_184' title='bbox 373 2530 617 2596; x_wconf 89' lang='lat' dir='ltr'><strong>immaculatum</strong></span> <span class='ocrx_word' id='word_1_185' title='bbox 644 2530 709 2596; x_wconf 84' lang='lat' dir='ltr'><strong>Cor</strong></span> <span class='ocrx_word' id='word_1_186' title='bbox 738 2530 1089 2618; x_wconf 83' lang='lat' dir='ltr'><strong>Virginis-praecipuo</strong></span> <span class='ocrx_word' id='word_1_187' title='bbox 1123 2529 1250 2608; x_wconf 85' lang='lat' dir='ltr'><strong>cultu,</strong></span> <span class='ocrx_word' id='word_1_188' title='bbox 1284 2538 1357 2614; x_wconf 61' lang='lat' dir='ltr'><strong>aaut</strong></span> 
     </span>
     <span class='ocr_line' id='line_1_23' title="bbox 273 2634 1360 2723; baseline -0.004 -24"><span class='ocrx_word' id='word_1_189' title='bbox 273 2634 433 2722; x_wconf 87' lang='lat' dir='ltr'><strong>obsequio</strong></span> <span class='ocrx_word' id='word_1_190' title='bbox 455 2644 652 2718; x_wconf 79' lang='lat' dir='ltr'><strong>veneratur3</strong></span> <span class='ocrx_word' id='word_1_191' title='bbox 677 2635 778 2723; x_wconf 89' lang='lat' dir='ltr'><strong>idque</strong></span> <span class='ocrx_word' id='word_1_192' title='bbox 801 2642 866 2700; x_wconf 91' lang='lat' dir='ltr'><strong>tam</strong></span> <span class='ocrx_word' id='word_1_193' title='bbox 890 2635 977 2701; x_wconf 89' lang='lat' dir='ltr'><strong>laeto</strong></span> <span class='ocrx_word' id='word_1_194' title='bbox 1000 2635 1109 2712; x_wconf 80' lang='lat' dir='ltr'><strong>exitu,</strong></span> <span class='ocrx_word' id='word_1_195' title='bbox 1136 2642 1176 2699; x_wconf 92' lang='lat' dir='ltr'><strong>ut</strong></span> <span class='ocrx_word' id='word_1_196' title='bbox 1218 2634 1360 2721; x_wconf 78' lang='lat' dir='ltr'><strong>plurimos</strong></span> 
     </span>
     <span class='ocr_line' id='line_1_24' title="bbox 273 2737 1362 2828; baseline -0.006 -23"><span class='ocrx_word' id='word_1_197' title='bbox 273 2739 399 2827; x_wconf 90' lang='lat' dir='ltr'><strong>ubique</strong></span> <span class='ocrx_word' id='word_1_198' title='bbox 415 2741 561 2827; x_wconf 90' lang='lat' dir='ltr'><strong>gentium</strong></span> <span class='ocrx_word' id='word_1_199' title='bbox 582 2741 727 2806; x_wconf 89' lang='lat' dir='ltr'><strong>homines</strong></span> <span class='ocrx_word' id='word_1_200' title='bbox 747 2740 926 2828; x_wconf 86' lang='lat' dir='ltr'><strong>flagitiosos</strong></span> <span class='ocrx_word' id='word_1_201' title='bbox 949 2762 986 2806; x_wconf 86' lang='lat' dir='ltr'><strong>ac</strong></span> <span class='ocrx_word' id='word_1_202' title='bbox 1010 2737 1158 2826; x_wconf 89' lang='lat' dir='ltr'><strong>perditos</strong></span> <span class='ocrx_word' id='word_1_203' title='bbox 1182 2759 1205 2804; x_wconf 89' lang='lat' dir='ltr'><strong>a</strong></span> <span class='ocrx_word' id='word_1_204' title='bbox 1225 2740 1315 2805; x_wconf 86' lang='lat' dir='ltr'><strong>vitiis</strong></span> <span class='ocrx_word' id='word_1_205' title='bbox 1327 2744 1362 2800; x_wconf 86' lang='lat' dir='ltr'><strong>at·</strong></span> 
     </span>
     <span class='ocr_line' id='line_1_25' title="bbox 273 2841 1361 2933; baseline -0.008 -22"><span class='ocrx_word' id='word_1_206' title='bbox 273 2865 339 2930; x_wconf 81' lang='lat' dir='ltr'><strong>que</strong></span> <span class='ocrx_word' id='word_1_207' title='bbox 370 2844 535 2933; x_wconf 86' lang='lat' dir='ltr'><strong>impietate</strong></span> <span class='ocrx_word' id='word_1_208' title='bbox 559 2844 599 2911; x_wconf 92' lang='lat' dir='ltr'><strong>ad</strong></span> <span class='ocrx_word' id='word_1_209' title='bbox 633 2846 833 2912; x_wconf 88' lang='lat' dir='ltr'><strong>honestatem</strong></span> <span class='ocrx_word' id='word_1_210' title='bbox 862 2845 1081 2932; x_wconf 88' lang='lat' dir='ltr'><strong>pietatemque</strong></span> <span class='ocrx_word' id='word_1_211' title='bbox 1112 2841 1361 2909; x_wconf 80' lang='lat' dir='ltr'><strong>traduxissem</strong></span> 
     </span>
     <span class='ocr_line' id='line_1_26' title="bbox 274 2946 1361 3036; baseline -0.007 -22"><span class='ocrx_word' id='word_1_212' title='bbox 274 2950 425 3036; x_wconf 88' lang='lat' dir='ltr'><strong>porroin</strong></span> <span class='ocrx_word' id='word_1_213' title='bbox 441 2950 510 3017; x_wconf 91' lang='lat' dir='ltr'><strong>dies</strong></span> <span class='ocrx_word' id='word_1_214' title='bbox 527 2952 699 3018; x_wconf 83' lang='lat' dir='ltr'><strong>traducere</strong></span> <span class='ocrx_word' id='word_1_215' title='bbox 717 2950 864 3017; x_wconf 87' lang='lat' dir='ltr'><strong>eiusdem</strong></span> <span class='ocrx_word' id='word_1_216' title='bbox 881 2949 1061 3016; x_wconf 88' lang='lat' dir='ltr'><strong>sodalitatis</strong></span> <span class='ocrx_word' id='word_1_217' title='bbox 1078 2946 1219 3014; x_wconf 85' lang='lat' dir='ltr'><strong>annales</strong></span> <span class='ocrx_word' id='word_1_218' title='bbox 1236 2946 1361 3036; x_wconf 90' lang='lat' dir='ltr'><strong>probent</strong></span> 
     </span>
     <span class='ocr_line' id='line_1_27' title="bbox 274 3053 1362 3144; baseline -0.003 -26"><span class='ocrx_word' id='word_1_219' title='bbox 274 3055 533 3123; x_wconf 87' lang='lat' dir='ltr'><strong>luculentissime</strong></span> <span class='ocrx_word' id='word_1_220' title='bbox 565 3055 620 3142; x_wconf 79' lang='grc'><strong>11).</strong></span> <span class='ocrx_word' id='word_1_221' title='bbox 646 3057 734 3136; x_wconf 84' lang='lat' dir='ltr'><strong>Quid</strong></span> <span class='ocrx_word' id='word_1_222' title='bbox 758 3059 864 3144; x_wconf 88' lang='lat' dir='ltr'><strong>igitur</strong></span> <span class='ocrx_word' id='word_1_223' title='bbox 886 3053 1080 3143; x_wconf 87' lang='lat' dir='ltr'><strong>sperandum</strong></span> <span class='ocrx_word' id='word_1_224' title='bbox 1104 3075 1169 3120; x_wconf 92' lang='lat' dir='ltr'><strong>non</strong></span> <span class='ocrx_word' id='word_1_225' title='bbox 1197 3061 1272 3132; x_wconf 75' lang='lat' dir='ltr'><strong>est,</strong></span> <span class='ocrx_word' id='word_1_226' title='bbox 1296 3071 1362 3118; x_wconf 87' lang='lat' dir='ltr'><strong>eum</strong></span> 
     </span>
     <span class='ocr_line' id='line_1_28' title="bbox 275 3154 1363 3250; baseline -0.006 -26"><span class='ocrx_word' id='word_1_227' title='bbox 275 3163 375 3227; x_wconf 88' lang='lat' dir='ltr'><strong>animi</strong></span> <span class='ocrx_word' id='word_1_228' title='bbox 399 3162 634 3229; x_wconf 84' lang='lat' dir='ltr'><strong>catholicorum</strong></span> <span class='ocrx_word' id='word_1_229' title='bbox 658 3163 840 3250; x_wconf 88' lang='lat' dir='ltr'><strong>dogmatico</strong></span> <span class='ocrx_word' id='word_1_230' title='bbox 860 3162 920 3226; x_wconf 92' lang='lat' dir='ltr'><strong>boc</strong></span> <span class='ocrx_word' id='word_1_231' title='bbox 945 3160 1076 3226; x_wconf 91' lang='lat' dir='ltr'><strong>decreto</strong></span> <span class='ocrx_word' id='word_1_232' title='bbox 1099 3159 1140 3225; x_wconf 91' lang='lat' dir='ltr'><strong>de</strong></span> <span class='ocrx_word' id='word_1_233' title='bbox 1159 3154 1363 3227; x_wconf 86' lang='lat' dir='ltr'><strong>immaculato</strong></span> 
     </span>
     <span class='ocr_line' id='line_1_29' title="bbox 276 3256 1363 3354; baseline -0.006 -25"><span class='ocrx_word' id='word_1_234' title='bbox 276 3267 425 3352; x_wconf 81' lang='lat' dir='ltr'><strong>Virginis</strong></span> <span class='ocrx_word' id='word_1_235' title='bbox 441 3268 607 3354; x_wconf 88' lang='lat' dir='ltr'><strong>Conceptu</strong></span> <span class='ocrx_word' id='word_1_236' title='bbox 633 3267 822 3333; x_wconf 88' lang='lat' dir='ltr'><strong>inflammati</strong></span> <span class='ocrx_word' id='word_1_237' title='bbox 847 3265 1026 3333; x_wconf 89' lang='lat' dir='ltr'><strong>ardentiori</strong></span> <span class='ocrx_word' id='word_1_238' title='bbox 1048 3264 1186 3352; x_wconf 88' lang='lat' dir='ltr'><strong>pietatis</strong></span> <span class='ocrx_word' id='word_1_239' title='bbox 1211 3284 1311 3330; x_wconf 89' lang='lat' dir='ltr'><strong>sensu</strong></span> <span class='ocrx_word' id='word_1_240' title='bbox 1331 3256 1363 3324; x_wconf 89' lang='lat' dir='ltr'><strong>ad</strong></span> 
     </span>
     <span class='ocr_line' id='line_1_30' title="bbox 276 3365 654 3465; baseline 0.003 -28"><span class='ocrx_word' id='word_1_241' title='bbox 276 3372 412 3465; x_wconf 87' lang='lat' dir='ltr'><strong>eandem</strong></span> <span class='ocrx_word' id='word_1_242' title='bbox 434 3365 654 3459; x_wconf 72' lang='lat' dir='ltr'><strong>confugient?</strong></span> 
     </span>
     <span class='ocr_line' id='line_1_31' title="bbox 55 3468 1364 3558; baseline -0.004 -19"><span class='ocrx_word' id='word_1_243' title='bbox 55 3475 225 3558; x_wconf 58' lang='lat' dir='ltr'><strong>propotentes</strong></span> <span class='ocrx_word' id='word_1_244' title='bbox 411 3480 456 3542; x_wconf 77' lang='lat' dir='ltr'><strong>At</strong></span> <span class='ocrx_word' id='word_1_245' title='bbox 478 3477 664 3555; x_wconf 79' lang='lat' dir='ltr'><strong>enimvero,</strong></span> <span class='ocrx_word' id='word_1_246' title='bbox 689 3476 766 3542; x_wconf 94' lang='lat' dir='ltr'><strong>dum</strong></span> <span class='ocrx_word' id='word_1_247' title='bbox 786 3475 909 3541; x_wconf 89' lang='lat' dir='ltr'><strong>isthaec</strong></span> <span class='ocrx_word' id='word_1_248' title='bbox 933 3473 1063 3552; x_wconf 87' lang='lat' dir='ltr'><strong>scribo,</strong></span> <span class='ocrx_word' id='word_1_249' title='bbox 1080 3468 1198 3539; x_wconf 88' lang='lat' dir='ltr'><strong>videor</strong></span> <span class='ocrx_word' id='word_1_250' title='bbox 1215 3472 1299 3537; x_wconf 91' lang='lat' dir='ltr'><strong>mibi</strong></span> <span class='ocrx_word' id='word_1_251' title='bbox 1317 3491 1364 3534; x_wconf 88' lang='lat' dir='ltr'><strong>au·</strong></span> 
     </span>
     <span class='ocr_line' id='line_1_32' title="bbox 47 3543 1365 3670; baseline -0.007 -23"><span class='ocrx_word' id='word_1_252' title='bbox 47 3543 225 3670; x_wconf 50' lang='lat' dir='ltr'><strong>‘ssffifflffi</strong></span> <span class='ocrx_word' id='word_1_253' title='bbox 277 3581 349 3647; x_wconf 91' lang='lat' dir='ltr'><strong>dire</strong></span> <span class='ocrx_word' id='word_1_254' title='bbox 372 3581 431 3669; x_wconf 93' lang='lat' dir='ltr'><strong>qui</strong></span> <span class='ocrx_word' id='word_1_255' title='bbox 454 3580 637 3660; x_wconf 85' lang='lat' dir='ltr'><strong>clamitent,</strong></span> <span class='ocrx_word' id='word_1_256' title='bbox 664 3581 929 3668; x_wconf 86' lang='lat' dir='ltr'><strong>superstitionem</strong></span> <span class='ocrx_word' id='word_1_257' title='bbox 954 3580 1136 3656; x_wconf 79' lang='lat' dir='ltr'><strong>haeresse,</strong></span> <span class='ocrx_word' id='word_1_258' title='bbox 1154 3600 1223 3644; x_wconf 92' lang='lat' dir='ltr'><strong>non</strong></span> <span class='ocrx_word' id='word_1_259' title='bbox 1248 3577 1365 3662; x_wconf 81' lang='lat' dir='ltr'><strong>religio</strong></span> 
     </span>
     <span class='ocr_line' id='line_1_33' title="bbox 278 3678 1360 3775; baseline -0.008 -22"><span class='ocrx_word' id='word_1_260' title='bbox 278 3708 361 3771; x_wconf 79' lang='lat' dir='ltr'><strong>nem3</strong></span> <span class='ocrx_word' id='word_1_261' title='bbox 379 3709 485 3774; x_wconf 90' lang='lat' dir='ltr'><strong>neque</strong></span> <span class='ocrx_word' id='word_1_262' title='bbox 503 3686 543 3752; x_wconf 90' lang='lat' dir='ltr'><strong>ab</strong></span> <span class='ocrx_word' id='word_1_263' title='bbox 561 3687 625 3750; x_wconf 88' lang='lat' dir='ltr'><strong>alio</strong></span> <span class='ocrx_word' id='word_1_264' title='bbox 640 3687 718 3752; x_wconf 85' lang='lat' dir='ltr'><strong>baec</strong></span> <span class='ocrx_word' id='word_1_265' title='bbox 736 3685 898 3775; x_wconf 87' lang='lat' dir='ltr'><strong>proficisci</strong></span> <span class='ocrx_word' id='word_1_266' title='bbox 918 3687 1082 3773; x_wconf 84' lang='lat' dir='ltr'><strong>potuisse,</strong></span> <span class='ocrx_word' id='word_1_267' title='bbox 1098 3683 1164 3749; x_wconf 91' lang='lat' dir='ltr'><strong>nisi</strong></span> <span class='ocrx_word' id='word_1_268' title='bbox 1185 3684 1231 3750; x_wconf 88' lang='lat' dir='ltr'><strong>ab</strong></span> <span class='ocrx_word' id='word_1_269' title='bbox 1252 3707 1302 3762; x_wconf 89' lang='lat' dir='ltr'><strong>eo,</strong></span> <span class='ocrx_word' id='word_1_270' title='bbox 1318 3678 1360 3769; x_wconf 90' lang='lat' dir='ltr'><strong>qni</strong></span> 
     </span>
    </p>
   </div>
   <div class='ocr_carea' id='block_1_3' title="bbox 278 3791 1354 3891">
    <p class='ocr_par' dir='ltr' id='par_1_3' title="bbox 278 3791 1354 3891">
     <span class='ocr_line' id='line_1_34' title="bbox 278 3791 1354 3891; baseline 0 -33"><span class='ocrx_word' id='word_1_271' title='bbox 278 3793 384 3859; x_wconf 86' lang='lat' dir='ltr'><strong>aestui</strong></span> <span class='ocrx_word' id='word_1_272' title='bbox 401 3792 532 3881; x_wconf 89' lang='lat' dir='ltr'><strong>pietatis</strong></span> <span class='ocrx_word' id='word_1_273' title='bbox 550 3791 743 3878; x_wconf 86' lang='lat' dir='ltr'><strong>improvido,</strong></span> <span class='ocrx_word' id='word_1_274' title='bbox 757 3801 855 3881; x_wconf 87' lang='lat' dir='ltr'><strong>atque</strong></span> <span class='ocrx_word' id='word_1_275' title='bbox 871 3791 1091 3868; x_wconf 76' lang='lat' dir='ltr'><strong>collectosne,</strong></span> <span class='ocrx_word' id='word_1_276' title='bbox 1108 3798 1147 3891; x_wconf 90' lang='lat' dir='ltr'><strong>ut</strong></span> <span class='ocrx_word' id='word_1_277' title='bbox 1165 3791 1354 3876; x_wconf 74' lang='lat' dir='ltr'><strong>nuncupant</strong></span> 
     </span>
    </p>
   </div>
   <div class='ocr_carea' id='block_1_4' title="bbox 281 3975 1358 4307">
    <p class='ocr_par' dir='ltr' id='par_1_4' title="bbox 281 3975 1358 4307">
     <span class='ocr_line' id='line_1_35' title="bbox 322 3975 1357 4054; baseline -0.009 -18"><span class='ocrx_word' id='word_1_278' title='bbox 322 3982 359 4054; x_wconf 86' lang='lat' dir='ltr'><strong>(t)</strong></span> <span class='ocrx_word' id='word_1_279' title='bbox 376 3985 519 4037; x_wconf 81' lang='lat' dir='ltr'><strong>Consulesls</strong></span> <span class='ocrx_word' id='word_1_280' title='bbox 539 3980 658 4036; x_wconf 74' lang='lat' dir='ltr'><strong>Annales</strong></span> <span class='ocrx_word' id='word_1_281' title='bbox 679 3981 712 4036; x_wconf 84' lang='lat' dir='ltr'><strong>de</strong></span> <span class='ocrx_word' id='word_1_282' title='bbox 724 3980 798 4035; x_wconf 60' lang='lat' dir='ltr'><strong>rao</strong></span> <span class='ocrx_word' id='word_1_283' title='bbox 850 3981 883 4035; x_wconf 84' lang='lat' dir='ltr'><strong>de</strong></span> <span class='ocrx_word' id='word_1_284' title='bbox 895 3980 923 4033; x_wconf 88' lang='lat' dir='ltr'><strong>la</strong></span> <span class='ocrx_word' id='word_1_285' title='bbox 935 3981 1055 4049; x_wconf 76' lang='lat' dir='ltr'><strong>paroisse</strong></span> <span class='ocrx_word' id='word_1_286' title='bbox 1073 3978 1105 4032; x_wconf 81' lang='lat' dir='ltr'><strong>de</strong></span> <span class='ocrx_word' id='word_1_287' title='bbox 1118 3975 1357 4034; x_wconf 77' lang='lat' dir='ltr'><strong>thre-dee-des</strong></span> 
     </span>
     <span class='ocr_line' id='line_1_36' title="bbox 281 4061 1358 4141; baseline -0.014 -19"><span class='ocrx_word' id='word_1_288' title='bbox 281 4066 455 4141; x_wconf 76' lang='lat' dir='ltr'><strong>ediconsrdm‘e</strong></span> <span class='ocrx_word' id='word_1_289' title='bbox 465 4067 503 4122; x_wconf 79' lang='lat' dir='ltr'><strong>du</strong></span> <span class='ocrx_word' id='word_1_290' title='bbox 515 4065 655 4121; x_wconf 72' lang='lat' dir='ltr'><strong>tres-saint</strong></span> <span class='ocrx_word' id='word_1_291' title='bbox 667 4072 691 4121; x_wconf 86' lang='lat' dir='ltr'><strong>et</strong></span> <span class='ocrx_word' id='word_1_292' title='bbox 704 4067 799 4119; x_wconf 68' lang='lat' dir='ltr'><strong>imino·</strong></span> <span class='ocrx_word' id='word_1_293' title='bbox 856 4061 1008 4121; x_wconf 78' lang='lat' dir='ltr'><strong>Victoirerd</strong></span> <span class='ocrx_word' id='word_1_294' title='bbox 1020 4062 1098 4116; x_wconf 80' lang='lat' dir='ltr'><strong>Poris</strong></span> <span class='ocrx_word' id='word_1_295' title='bbox 1108 4068 1134 4115; x_wconf 80' lang='lat' dir='ltr'><strong>et</strong></span> <span class='ocrx_word' id='word_1_296' title='bbox 1142 4071 1255 4118; x_wconf 78' lang='lat' dir='ltr'><strong>recreer</strong></span> <span class='ocrx_word' id='word_1_297' title='bbox 1265 4064 1296 4115; x_wconf 81' lang='lat' dir='ltr'><strong>de</strong></span> <span class='ocrx_word' id='word_1_298' title='bbox 1305 4061 1358 4112; x_wconf 72' lang='lat' dir='ltr'><strong>ltr-</strong></span> 
     </span>
     <span class='ocr_line' id='line_1_37' title="bbox 282 4137 1356 4222; baseline -0.013 -15"><span class='ocrx_word' id='word_1_299' title='bbox 282 4151 342 4207; x_wconf 72' lang='lat' dir='ltr'><strong>nclt</strong></span> <span class='ocrx_word' id='word_1_300' title='bbox 352 4150 439 4207; x_wconf 69' lang='grc' dir='ltr'><strong>ὅσων</strong></span> <span class='ocrx_word' id='word_1_301' title='bbox 449 4151 482 4206; x_wconf 82' lang='lat' dir='ltr'><strong>de</strong></span> <span class='ocrx_word' id='word_1_302' title='bbox 494 4150 583 4208; x_wconf 77' lang='lat' dir='ltr'><strong>Morte</strong></span> <span class='ocrx_word' id='word_1_303' title='bbox 591 4148 800 4222; x_wconf 75' lang='lat' dir='ltr'><strong>publidspch·</strong></span> <span class='ocrx_word' id='word_1_304' title='bbox 854 4148 1036 4214; x_wconf 79' lang='lat' dir='ltr'><strong>ebiconfre&#39;rie.</strong></span> <span class='ocrx_word' id='word_1_305' title='bbox 1054 4149 1125 4199; x_wconf 82' lang='lat' dir='ltr'><strong>Paris</strong></span> <span class='ocrx_word' id='word_1_306' title='bbox 1136 4143 1204 4200; x_wconf 86' lang='grc'>1841</span> <span class='ocrx_word' id='word_1_307' title='bbox 1221 4141 1291 4201; x_wconf 87' lang='grc'>1842</span> <span class='ocrx_word' id='word_1_308' title='bbox 1303 4137 1356 4196; x_wconf 79' lang='lat' dir='ltr'><strong>itti</strong></span> 
     </span>
     <span class='ocr_line' id='line_1_38' title="bbox 282 4228 1028 4307; baseline -0.011 -16"><span class='ocrx_word' id='word_1_309' title='bbox 282 4235 369 4294; x_wconf 71' lang='lat' dir='ltr'><strong>natue</strong></span> <span class='ocrx_word' id='word_1_310' title='bbox 381 4234 717 4307; x_wconf 76' lang='lat' dir='ltr'><strong>Dnsrtcbe-Desgenettrs</strong></span> <span class='ocrx_word' id='word_1_311' title='bbox 735 4232 800 4288; x_wconf 69' lang='lat' dir='ltr'><strong>crent</strong></span> <span class='ocrx_word' id='word_1_312' title='bbox 853 4228 922 4285; x_wconf 85' lang='grc'>1844</span> <span class='ocrx_word' id='word_1_313' title='bbox 935 4240 985 4287; x_wconf 89' lang='lat' dir='ltr'><strong>ete.</strong></span> <span class='ocrx_word' id='word_1_314' title='bbox 1024 4236 1028 4243; x_wconf 86' lang='lat'>&#39;</span> 
     </span>
    </p>
   </div>
   <div class='ocr_carea' id='block_1_5' title="bbox 0 0 1421 4904">
    <p class='ocr_par' dir='ltr' id='par_1_5' title="bbox 0 0 1421 4904">
     <span class='ocr_line' id='line_1_39' title="bbox 0 0 1421 4904; baseline 0 0"><span class='ocrx_word' id='word_1_315' title='bbox 0 0 1421 4904; x_wconf 95' lang='lat' dir='ltr'><strong> </strong></span> 
     </span>
    </p>
   </div>
  </div>
 </body>
</html>
