2828 4904
96 460 170 515 tur.
188 447 220 518 d.
240 447 373 515 Nullum
390 450 483 537 plane
505 470 523 513 e
546 447 699 512 Patribus
715 445 846 513 disertis
862 446 969 513 verbis
989 470 1073 515 asse-

96 559 121 618 t.
145 556 298 637 Virpr'aem
318 556 411 639 faiam
431 575 501 618 cum
516 553 584 616 tote
603 542 754 640 originali
773 563 950 638 conceptam
969 573 1073 638 eaque
1168 583 1250 635 Nm
1280 597 1312 635 ,ι

96 636 334 724 ιειῑαιιιτέεουε
365 667 473 724 autem
503 678 538 722 se
572 678 640 723 rem
663 658 782 723 habere
805 656 911 744 quoad
942 658 1075 723 Petrum
1129 651 1249 704 Patribus
1264 667 1311 705 θ’·

96 787 115 841 r,
139 765 199 850 qui
222 767 256 828 in
279 764 442 850 privilegii
459 761 603 828 favorem
619 763 729 828 alierri
752 763 865 828 solent.
890 763 1084 829 Etenimiu
1129 723 1313 858 {rudiam

96 869 273 955 sperimus,
292 870 328 932 B.
348 868 517 954 Virginem
531 866 684 931 idoneum
701 867 830 933 Christo
853 866 1087 934 habitaculum
1129 863 1245 916 futrrotn
1257 875 1314 927 Μ

110 970 301 1057 praebuisse
319 994 381 1058 pro
401 975 510 1056 pretio
533 972 699 1054 eripienti,
724 979 762 1034 ut
784 971 830 1034 ait
853 991 879 1034 s.
897 971 1074 1055 Maximum
1129 939 1313 1069 ffiwm‘

98 1097 152 1147 am
169 1075 207 1139 ab
225 1080 311 1141 omni
323 1077 475 1161 eripienti
484 1085 612 1162 peccato
623 1079 789 1139 immunem
803 1074 906 1157 faiae,
921 1081 958 1138 ut
974 1095 999 1138 s.
1016 1074 1076 1141 Pa·

98 1201 141 1244 us
158 1179 335 1244 lietbertus
351 1181 479 1258 asserit,
497 1180 555 1265 qui
575 1178 609 1242 id
625 1199 685 1265 pre
702 1186 790 1243 eerto
807 1186 943 1266 ratoque
967 1176 1085 1258 habet,
1204 1186 1209 1196 '

96 1281 216 1346 rdhibet
242 1282 389 1347 voculam
409 1265 503 1346 illam'
521 1293 656 1356 constan
680 1302 737 1345 nee
760 1280 867 1346 minus
894 1300 1077 1346 asseveran-

123 1387 231 1472 ipsum
247 1385 495 1464 declarat,·dum
517 1386 630 1451 adiicit
649 1394 799 1472 opertere
822 1407 879 1451 nos
903 1387 943 1450 B.
974 1385 1076 1472 Virgi-

96 1491 211 1555 lemoi
224 1495 404 1576 centopione
415 1496 538 1578 primae
553 1496 681 1576 originis
697 1494 838 1578 confiteri
851 1493 999 1556 alienam:
1016 1511 1074 1556 nee
1149 1508 1312 1563 contnrtnu

96 1594 271 1660 leamdem
293 1597 354 1661 Dei
380 1598 517 1661 Matrem
539 1580 688 1683 serpentis
704 1576 824 1660 aditum
845 1617 907 1660 non
928 1595 1075 1683 patuisse
1128 1581 1313 1702 'fimffl''

117 1700 165 1763 lo.
197 1700 415 1765 Damascenus
440 1699 604 1785 loquitur3
629 1719 669 1762 ne
692 1698 825 1785 phrases
853 1696 935 1765 bene
957 1699 1075 1766 multas
1129 1664 1313 1778 zm

96 1801 246 1888 pollentes
263 1823 456 1881 recenseam,
467 1823 554 1888 quae
574 1800 798 1888 apudeosdem
814 1808 1004 1890 ceterosque
1019 1804 1079 1868 Pa-

96 1907 209 1972 rassim
244 1915 443 1985 occurrunt,
469 1915 506 1971 ut
532 1906 653 1992 cuique
675 1905 808 1971 illorum
841 1912 951 1972 textus
974 1905 1078 1973 oeulis

96 2009 211 2074 stranti
236 2007 330 2096 facile
354 2009 487 2096 patebit.
506 2009 547 2072 Hi
574 2029 661 2087 vero,
685 2007 815 2073 omissis
838 2009 934 2073 etiam
956 2009 1014 2096 qui
1038 2031 1079 2075 ex

96 2134 151 2177 rus
177 2111 287 2177 dubiis
311 2113 379 2199 peti
400 2107 542 2200 possent,
558 2133 658 2198 supra
673 2111 789 2198 viginti
811 2118 1034 2177 numerantur.
1105 2189 1108 2195 ¹

96 2221 211 2304 Atque
233 2216 267 2281 hi
290 2215 421 2304 quidem
452 2237 561 2283 omnes
584 2222 688 2280 aetate
715 2212 882 2280 liernardi¹
903 2216 1082 2292 anteriores
1173 2209 1312 2275 Quium-

111 2341 173 2385 seu
196 2320 237 2386 ad
264 2343 301 2386 ea
325 2329 468 2408 tempora
487 2326 632 2407 spectant
645 2318 774 2406 quibus
789 2316 932 2384 nondum
955 2326 1082 2384 contro·
1133 2281 1315 2406 mum:

96 2447 102 2486 ι
126 2422 208 2486 haee
231 2422 349 2507 agitari
371 2429 531 2509 coeperat.
568 2419 631 2486 Sed
653 2419 734 2508 quid
761 2419 800 2484 de
823 2419 929 2507 ipsius
960 2418 1081 2485 elarae-
1133 2423 1215 2477 wll·

96 2525 148 2590 sis
165 2524 301 2589 Abbatis
318 2532 424 2591 mente
441 2524 644 2590 sentiendum
659 2530 725 2603 est,
743 2524 801 2611 qui
817 2524 952 2588 Petrum
968 2542 1083 2613 agmen

96 2623 138 2695 it'?
152 2629 311 2716 liquidem
328 2630 436 2715 ipsum
458 2629 638 2717 praeterire
659 2629 849 2717 potuissem,
874 2635 987 2716 utpote
1006 2649 1082 2694 eum

114 2732 308 2819 disceptatio
327 2735 404 2799 haee
427 2734 585 2819 originem
606 2732 711 2812 duxit,
730 2753 805 2798 eum
821 2731 914 2798 nobis
936 2733 1085 2819 preposi-

96 2836 195 2902 luerit
221 2837 426 2922 antiquitatis
452 2845 656 2901 monumenta
681 2828 863 2922 expendere
887 2835 951 2900 hue
981 2836 1080 2922 perti-

96 2963 114 3019 ι,
132 2961 216 3027 quae
239 2961 392 3005 exorsum
408 2940 606 3026 quaestionis
623 2939 826 3004 antecedunt.
851 2939 1082 3004 Verumtamen

96 3043 150 3108 rlla
174 3043 213 3108 de
237 3045 308 3108 eius
341 3044 498 3108 sententia
522 3042 747 3108 delibabimus
765 3048 812 3107 Ae
826 3041 857 3107 l.
876 3043 910 3106 in
933 3040 1079 3107 confesse

119 3147 322 3214 Bernardum
346 3169 438 3212 suam
460 3146 501 3212 ad
521 3147 689 3213 canonicos
711 3146 928 3232 lugdunenses
951 3144 1078 3212 dedisse

96 3255 176 3330 dam,
202 3263 238 3317 ut
262 3276 316 3318 eos
341 3253 560 3338 redargueret,
584 3251 672 3339 quod
692 3251 874 3317 inconsulta
902 3251 983 3317 Sede
1005 3272 1081 3337 apo-

96 3381 107 3422 s
132 3380 244 3423 novam
268 3358 475 3423 testivitatem
488 3357 527 3421 de
545 3357 689 3443 Virginis
710 3357 925 3442 Conceptione
949 3353 1080 3441 adopta-

96 3471 117 3526 t:
142 3464 174 3527 2.
200 3462 315 3526 exinde
341 3462 447 3548 ipsum
466 3464 499 3526 B.
519 3462 665 3547 Virginis
681 3471 788 3525 ortum
809 3467 955 3526 sanetum
975 3457 1078 3524 luisse

98 3590 165 3646 ere,
197 3567 284 3653 quod
300 3565 481 3631 solemnitas
506 3565 692 3632 Natiuitatis
708 3565 742 3628 in
758 3563 903 3630 Ecclesia
926 3564 1078 3630 universa

96 3679 231 3735 aretur:
257 3669 288 3735 3.
312 3669 510 3754 impetivisse
533 3668 758 3753 conceptionis
782 3667 906 3732 cultum
926 3689 964 3733 eo
988 3666 1081 3752 quod'

96 3783 120 3841 st
140 3773 276 3846 obiecto.
314 3772 481 3858 Siquidem
507 3793 548 3836 ex
578 3772 683 3858 ipsius
715 3779 820 3837 mente
842 3773 943 3858 Virgo
966 3778 1076 3835 saneta
1150 3804 1312 3859 mmm„

96 3900 152 3944 που
176 3877 283 3964 potuit
307 3877 498 3963 priusquam
514 3875 751 3961 susciperetur,
769 3896 870 3961 quum
893 3871 1076 3959 nequiverit
1130 3877 1323 3941 wtusdwonr

96 3970 199 4048 coneto
223 4002 400 4068 essequam
423 3998 502 4045 esse:
526 3978 582 4044 sed
611 4000 670 4065 nee
700 3978 828 4067 inipso
857 3973 1075 4062 conceptionis
1130 3946 1310 4079 {ssfflffi

96 4095 152 4153 nto
164 4087 199 4152 id
213 4086 332 4174 potuit:
349 4086 500 4174 quomodo
509 4107 663 4173 ..nomque
673 4085 744 4173 ipse
755 4084 874 4172 pergit,
887 4092 946 4148 out
960 4086 1077 4148 soncti-

96 4194 179 4280 loque
197 4190 321 4280 Spiritu
344 4193 567 4278 sanctificante,
581 4200 639 4255 out
660 4198 766 4257 coneto
791 4186 930 4274 Spiritui
949 4188 1078 4250 societur
