2828 4904
94 496 163 546 Fidei
190 490 253 539 defl-

85 557 175 614 nitionl
186 577 237 612 uon

86 636 167 684 obstat
187 636 242 683 eius

120 705 208 754 ditatio

761 345 946 412 ..196-

399 474 539 550 Quarto:
565 470 689 534 nullius
713 468 885 534 admodum
909 490 978 532 esse
1011 467 1140 532 roboris
1169 479 1379 555 argumentum

305 575 439 654 affirmo,
452 575 588 663 quodex
601 574 786 639 delinitione
799 573 983 658 cuiuspiam
999 573 1146 637 veritatis
1159 574 1194 637 in
1208 573 1335 659 longum
1346 576 1379 639 di·

304 679 368 742 lata
382 679 571 743 arcessitur.
586 675 856 762 Quandoquidem
871 676 1018 741 novimus
1032 675 1236 763 haudpauca
1249 677 1380 763 dogmata

307 782 434 846 nonnisi
457 802 530 846 sero
553 779 656 845 luisse
674 781 714 845 ab
732 780 877 846 Ecclesia
897 779 1050 858 definita,
1069 781 1131 845 etsi
1153 783 1343 869 tempestive
1355 782 1384 847 de

304 885 371 950 illis
387 893 472 950 mota
486 884 587 950 luerit
602 885 764 972 quaestio,
778 905 815 948 ac
831 883 958 949 diutina
972 907 1075 971 oeque
1087 907 1129 948 ex
1151 895 1298 972 utraque
1310 894 1387 972 parte

197 1012 217 1027 ··
306 988 561 1073 perseveraverit
577 987 740 1052 contentio
758 1008 794 1050 ac
811 985 1013 1072 disceptatio.
1029 987 1110 1051 Hinc
1128 989 1283 1074 quamvis
1300 988 1385 1052 multa

304 1091 527 1176 Augustiuum
551 1090 636 1153 inter
659 1099 691 1152 et
718 1089 940 1154 Massilienses
965 1089 1105 1154 ferveret
1133 1092 1292 1176 quaestio
1314 1091 1385 1155 circa

307 1192 382 1257 lidei
405 1193 549 1270 initium,
575 1194 661 1257 circa
677 1193 892 1257 omnimodam
914 1193 1016 1258 divini
1040 1194 1159 1258 auxilii
1181 1201 1386 1279 gratuitatem,

311 1299 458 1384 aliosque
486 1298 654 1381 articulos3
671 1307 812 1362 attamen
829 1299 1012 1384 insequenti
1031 1307 1155 1362 tanatum
1174 1300 1306 1379 seculo,
1323 1320 1385 1364 ne*

306 1425 345 1491 pe
359 1425 441 1468 anno
455 1403 520 1470 529
536 1427 554 1469 a
571 1425 661 1469 conc.
676 1407 878 1469 Arausicano
892 1407 933 1483 11,
947 1403 1032 1490 quod
1047 1403 1242 1471 Bonilacius
1261 1409 1293 1471 ll
1307 1426 1385 1471 rom

306 1529 369 1573 nus
388 1508 538 1573 Pontifex
559 1531 610 1573 an.
628 1507 692 1573 53¹1
715 1509 934 1587 confirmavit,
954 1510 1154 1573 controversi
1177 1511 1316 1576 articuli
1333 1516 1391 1574 snnt

208 1625 211 1630 “
305 1614 429 1678 deliniti
454 1612 509 1699 (l).
534 1614 623 1678 Idem
646 1615 820 1681 dicendum
851 1613 891 1678 de
916 1613 1059 1700 Spiritus
1078 1613 1195 1679 ¹Sancti
1221 1612 1391 1701 processio

94 2670 153 2718 sine
163 2671 251 2723 lunila-

71 2748 157 2790 mento
170 2743 249 2804 pleri·

88 2813 232 2873 qucPatres

70 2881 125 2942 piae
149 2889 250 2933 senten·

71 2952 121 3000 tiae
133 2953 249 3003 adversa·

70 3021 91 3069 ri
106 3022 227 3074 dicuutur

304 1739 344 1782 uc
367 1740 386 1781 a
409 1718 505 1782 Patre
521 1726 553 1781 et
570 1719 669 1789 Filio;
689 1719 727 1784 de
746 1707 941 1782 admissione
956 1717 1138 1781 animarum
1158 1717 1199 1793 ad
1218 1717 1389 1784 beatificam

305 1822 366 1887 Dei
390 1821 546 1887 visionem
562 1824 709 1908 proxime
734 1829 968 1908 postmortem,
990 1821 1129 1907 aliisque
1152 1821 1255 1907 plane
1279 1822 1390 1888 multis.

304 1927 479 2012 Perperam
507 1925 654 2012 prolecto
677 1928 842 2013 quispiam
870 1935 944 1990 ante
968 1924 1183 2010 dogmaticam
1208 1926 1330 1992 harum
1351 1946 1392 1991 ve*

303 2030 439 2094 ritatum
463 2029 683 2095 definitionem
707 2031 902 2108 obiecisset,
927 2029 1014 2094 illam
1039 2051 1144 2116 neque
1169 2029 1262 2095 edici
1287 2052 1389 2118 posse,

302 2155 408 2220 neque
432 2135 619 2200 edicendam
651 2157 689 2200 eo
713 2135 802 2222 quod
826 2137 983 2200 hactenus
998 2156 1016 2199 a
1034 2134 1122 2199 nullo
1147 2135 1325 2215 Concilio,
1347 2144 1390 2201 ant

301 2260 426 2303 summo
444 2240 597 2305 Pontifice
614 2241 701 2306 edita
717 2240 844 2306 luisset.
865 2244 978 2327 ltaque
995 2264 1036 2304 ex
1053 2242 1112 2305 hoc
1136 2241 1232 2327 quod
1260 2242 1383 2307 nondun

302 2341 435 2407 definita
451 2341 554 2408 luerit
571 2366 725 2431 praesens
743 2346 975 2423 controversia,
990 2345 1132 2430 legitime
1150 2345 1277 2411 inferri
1295 2344 1377 2434 nequit

303 2452 361 2512 ant
384 2469 455 2514 eam
472 2447 601 2514 deliniri
625 2470 688 2514 non
712 2452 870 2536 potuisse,
895 2451 1066 2514 autetiam
1091 2451 1124 2514 in
1149 2456 1378 2537 posterumnu

306 2575 412 2643 posse.
734 2571 736 2576 '
1257 2621 1261 2626 .

394 2648 670 2736 Quintoslalsum
692 2681 761 2726 esse
779 2662 974 2748 pronuncio,
992 2661 1105 2724 Patres
1122 2681 1260 2740 omnes,
1284 2661 1338 2750 qni
1359 2659 1381 2723 in

301 2762 401 2829 huius
418 2763 467 2827 rei
484 2764 670 2829 inciderunt
693 2767 901 2843 mentionem,
925 2786 990 2829 uno
1015 2785 1071 2829 ore
1095 2785 1305 2831 asseverasse
1327 2764 1379 2830 vn

303 2869 387 2955 ginis
411 2870 653 2956 conceptionem
677 2879 809 2955 peccato
835 2870 936 2934 luisse
965 2877 1165 2933 contactam:
1196 2871 1375 2934 contrarion
1412 2917 1414 2924 .

301 2975 387 3039 enim
423 2975 616 3039 testimoniis
642 2975 674 3037 in
698 2975 841 3038 medium
870 2975 1005 3062 prolatis
1029 2973 1247 3040 ostendimus.
1286 2977 1404 3060 Neque:

302 3078 519 3158 Ambrosius,
544 3100 649 3164 neque
674 3079 945 3166 ClrrysostomuS‚
972 3100 1077 3166 neque
1106 3078 1277 3145 Eusebius
1304 3078 1372 3175 emis·
1402 3084 1414 3156 Ι

303 3204 413 3261 senus,
438 3191 496 3248 aut
524 3183 716 3268 Rhentigius
741 3190 772 3246 et
801 3183 968 3248 Maximus
999 3183 1197 3248 adstruxere
1222 3183 1308 3271 quod
1328 3180 1371 3248 illis
1402 3168 1414 3236 l

301 3286 383 3352 falso
407 3297 505 3374 atque
530 3288 659 3351 iniuria‘
681 3288 892 3352 adscribitur.
927 3288 1202 3374 (lisandoquidem
1230 3283 1369 3353 Ambrosii

302 3391 408 3469 locus,
427 3394 484 3478 qui
510 3392 619 3455 ollerri
644 3390 776 3469 solebat,
800 3393 878 3477 ipsis
900 3392 1083 3456 editoribus
1110 3394 1276 3458 ltlaurinis
1299 3389 1370 3455 adno
1398 3394 1405 3453 i

300 3497 462 3574 tontibus,
488 3496 660 3560 nnenrdosus
684 3493 1100 3585 eratl‘d).t]l1rpsostomus
1124 3519 1232 3584 neque
1261 3497 1295 3562 in
1317 3495 1371 3560 cita·

299 3737 382 3788 aiones
391 3740 500 3785 suasaut
514 3735 544 3784 ad
554 3749 632 3798 pauca
647 3735 757 3791 saecula.
767 3735 818 3782 imo
869 3748 960 3785 eorum
971 3750 1034 3786 vero
1043 3736 1265 3788 confirmationem
1279 3751 1309 3786 ex
1320 3735 1368 3799 puts

297 3823 329 3871 ad
341 3835 434 3884 paucos
453 3835 532 3868 annos
555 3825 720 3884 coarctasset,
733 3825 777 3867 aot
799 3822 819 3869 si
868 3818 991 3870 Boniiacii
1005 3823 1028 3870 ΙΙ
1048 3821 1154 3871 consule
1172 3822 1236 3872 ibid.
1256 3820 1364 3886 epistota

293 3911 428 3968 perpetuas
440 3904 512 3970 iecit,
530 3918 572 3955 eas
591 3919 692 3954 servare
711 3919 819 3969 nonpo·
865 3907 979 3956 eiusdem
991 3906 1119 3956 Ponttsscls
1129 3907 1161 3957 ad
1170 3906 1319 3958 Caesarium
1335 3913 1367 3954 ur

297 3988 397 4037 luisset.
866 3990 987 4039 latenscm
1000 3991 1048 4040 col.
1060 3984 1139 4039 1109.

339 4069 357 4135 (1
365 4097 372 4135 p
381 4073 431 4121 nni
440 4073 523 4135 quoad
534 4075 643 4136 capitula
654 4076 789 4124 constituta
802 4089 817 4125 a
899 4071 933 4141 (2)
958 4076 1096 4127 Bondellus
1115 4076 1214 4127 scilicet
1225 4078 1297 4127 hunc
1308 4077 1373 4126 lorum

295 4158 403 4206 concilio
426 4159 584 4208 Arausicano
613 4161 635 4208 ll
658 4162 818 4211 llardninum
865 4163 1008 4212 libcitc.
1028 4158 1062 4213 10
1081 4163 1177 4225 primus
1206 4177 1238 4213 ex
1255 4159 1373 4214 amanio

298 4241 364 4295 Acta
373 4240 472 4295 Concil.
484 4247 576 4295 tom-ll
586 4248 636 4297 cul.
648 4241 723 4300 1097:
735 4249 820 4312 quoad
866 4249 984 4313 allegavit
996 4249 1125 4299 commin
1139 4250 1182 4299 Ps.
1202 4245 1254 4301 tta
1269 4260 1336 4301 conc.
1349 4240 1373 4293 ll
