2828 4904
741 337 919 404 ...72-

284 472 414 538 tertiam
437 470 595 558 donique:
619 470 659 536 ln
683 467 917 559 Conceptionem
940 480 969 536 et
991 465 1195 538 Nativitatem
1217 476 1371 538 sanctissi-

285 595 363 643 mae·
376 577 528 642 Dominae
553 588 678 642 nostrae
702 573 757 665 (1).
782 577 819 640 In
842 574 983 642 secunde
1005 597 1103 662 porro
1125 576 1274 642 oratione
1298 596 1372 662 prae

286 680 423 746 caeteris
446 680 510 744 ista
539 678 711 765 leguntur:
744 677 822 745 Cum
852 685 957 767 itaque
980 679 1129 746 lodierna
1162 680 1317 764 festivitas
1338 681 1373 744 e'l·

286 785 486 850 lustriorilue
519 785 660 851 amnibus
688 785 932 850 solemnitatibus
944 832 956 862 ,
978 788 1206 850 miraculorum
1220 841 1222 845 ,
1237 789 1276 849 in
1306 789 1370 870 ipsa

286 891 570 955 consummatorum
592 892 715 955 ratione
727 936 738 966 ,
757 893 1029 977 praeconiisque
1059 911 1115 954 ceu
1136 889 1374 972 fundamentum

285 993 456 1079 quoddam,
478 1015 516 1067 ac
546 992 670 1079 crepido
692 998 866 1079 supposita,
889 993 1042 1079 quidquid
1062 998 1096 1058 in
1118 994 1181 1057 illis
1195 1013 1373 1057 sacramen-

203 1088 205 1092 Α
286 1108 391 1161 torum
413 1097 624 1184 dispensatum
646 1107 713 1172 est,
731 1119 793 1184 pro
816 1098 1014 1181 fundamenti
1032 1103 1154 1163 ratione
1177 1102 1211 1162 in
1232 1119 1266 1160 se
1286 1097 1374 1160 colli·

282 1211 340 1287 pat
351 1221 368 1277 ,⁸
385 1223 454 1289 par
475 1205 599 1265 omnino
623 1211 687 1278 cst,
710 1211 748 1265 ut
769 1211 921 1287 tauquam
938 1206 1098 1288 principio
1122 1211 1151 1265 et
1168 1221 1285 1265 causae
1308 1203 1376 1265 uni·

284 1322 446 1372 aerearum
478 1305 652 1382 lanarum,
687 1311 914 1371 venerationem
947 1311 977 1370 ei
1009 1305 1232 1381 adhibeamus,
1256 1308 1373 1392 impen-

284 1410 422 1494 eioripue
444 1428 512 1472 eom
531 1408 651 1493 paudio
674 1408 857 1475 celebremus
882 1404 935 1496 (2).

374 1509 437 1575 Per
460 1510 546 1599 idem
569 1509 736 1576 saeculum
758 1510 934 1597 imperator
949 1512 1015 1577 Leo
1029 1511 1075 1577 vl
1099 1515 1313 1601 cognomento
1329 1530 1376 1573 ea·

279 1618 371 1702 piens
392 1634 431 1679 ac
448 1594 661 1703 philosophus,
674 1615 905 1698 intercedens,
918 1635 1001 1702 quas
1023 1614 1128 1680 edidit
1148 1614 1330 1690 orationes,
1346 1619 1376 1677 et

284 1737 357 1783 eam
380 1718 584 1805 conscripsit,
612 1739 696 1805 quae
724 1727 774 1784 est
805 1717 853 1784 De
878 1717 1081 1806 conceptibus
1102 1717 1297 1783 B.l1oriae
1323 1713 1373 1802 (3).

285 1819 319 1888 S.
343 1819 462 1887 Petrus
485 1822 610 1888 siculus
632 1826 797 1908 Argorum
819 1823 1002 1910 episcopus,
1030 1822 1155 1909 etipse
1179 1820 1295 1886 eodem
1319 1820 1375 1885 hoa

285 1930 431 2013 tempore
457 1925 589 2013 scripsit
611 1925 791 1992 Orationem
806 1932 840 1992 in
856 1931 1080 2013 conceptionem
1097 1925 1235 1991 Sanctae
1251 1924 1375 2000 Annae,

283 2029 411 2116 quando
435 2034 573 2116 concepit
594 2042 737 2096 sanctam
756 2026 814 2097 Dei
830 2028 1016 2095 Genitricem
1029 2025 1083 2117 (lt).
1097 2028 1249 2114 Cumque
1266 2028 1303 2095 in
1318 2028 1374 2092 Ec·

280 2131 379 2197 alesia
398 2152 514 2218 graeca
547 2132 627 2197 haec
650 2131 834 2198 solemnitas
857 2132 1050 2198 universalis
1073 2132 1236 2209 evaserit,
1252 2131 1288 2195 in
1310 2132 1372 2197 -Ms

284 2235 537 2324 nologio‚>quod
559 2238 656 2302 iussu
680 2236 957 2305 Basiliiiunioris
980 2244 1053 2302 ante
1070 2258 1120 2301 an.
1139 2230 1206 2302 984
1236 2233 1366 2301 conscri-

284 2346 379 2432 ptum
403 2347 463 2419 est,
487 2339 611 2427 legitur
632 2348 742 2407 notata
771 2341 880 2407 Vidus
903 2341 1065 2407 decembris
1083 2343 1244 2427 conceptio
1271 2361 1297 2407 s.
1315 2338 1371 2402 An·

286 2468 346 2515 nae
369 2452 481 2515 matris
507 2445 675 2514 Genitricis
697 2445 759 2511 Dei
779 2444 834 2532 (5).

52 2547 233 2671 δξῗῖἐίιὲθῑῖ
375 2552 444 2616 Hac
474 2548 574 2616 ferme
601 2558 705 2615 aetate
734 2550 769 2615 in
794 2548 994 2616 occidentali
1020 2548 1166 2615 Ecclesia
1183 2545 1303 2614 festum
1330 2545 1366 2610 do

52 2691 163 2744 ctdents

324 2933 362 3007 (1)
379 2937 475 2989 Extant
486 2951 532 2988 ese
542 2942 604 2988 tom.
614 2937 664 2988 XII
673 2932 804 2989 Battum.
859 2932 1044 3003 Conceptionis
1062 2948 1117 2999 pag.
1136 2869 1200 2986 655.

287 3023 424 3076 maaimae
433 3020 732 3093 Patrumssltugdunmp.
740 3016 803 3075 697.
891 3016 927 3088 (5)
945 3021 995 3070 Sex
1013 3019 1168 3084 posteriores
1186 3016 1363 3069 menseshuius

287 3107 320 3157 ad
338 3098 401 3160 702.
475 3097 478 3102 ’
852 3105 991 3169 Menologii
1010 3105 1042 3154 sd
1066 3104 1144 3153 fldem
1174 3104 1272 3153 codicis
1290 3114 1359 3152 mem-

207 3177 212 3188 ’
321 3184 358 3261 (2)
377 3193 441 3245 thid.
459 3208 515 3258 pag
533 3188 595 3254 695.
613 3193 663 3244 col.
681 3183 709 3242 2
853 3187 1360 3256 branaceivettcant,quosPetrusteeu
1400 3208 1408 3213 -

321 3270 355 3340 (5
375 3277 452 3326 Extat
460 3271 502 3327 hie
513 3277 619 3327 Sermo
613 3291 638 3326 ιιι
648 3289 739 3340 graeco
748 3276 797 3328 Ms.
851 3275 915 3325 dius
920 3274 999 3324 latine
1010 3277 1135 3338 verteret,
1145 3272 1264 3322 omnium
1274 3273 1357 3336 primm

286 3361 343 3412 cod.
362 3362 534 3412 Bibliothecae
553 3361 695 3411 Slostiannc
713 3375 738 3410 ιι.
750 3354 795 3411 65.
847 3361 874 3410 in
892 3372 938 3409 sue
962 3354 1050 3410 teatio
1077 3354 1165 3410 Sacra
1190 3355 1354 3407 Fordinenlos
1404 3388 1408 3395 .

286 3449 324 3498 uti
343 3446 797 3498 testaturcard.Baeoniu.·'1nnot1s
850 3448 889 3510 Ug
889 3444 1174 3508 helliusvulgevitedtt.
1185 3443 1281 3493 venet
1291 3430 1353 3493 1722

286 3532 317 3582 etl
337 3534 474 3595 Martyrol.
492 3533 634 3583 Romanum
652 3533 693 3581 dic
711 3527 728 3583 8
750 3532 797 3582 de·
849 3529 964 3581 Tom.X.
975 3543 1031 3593 pas.
1050 3520 1112 3579 545.
1130 3540 1202 3591 seqq.
1222 3528 1296 3576 cuius
1307 3524 1352 3583 lege
1401 3538 1408 3560 ι

285 3617 799 3682 cembeis‚necnooGhererdusVossius
850 3614 1034 3681 praefationem
1052 3614 1135 3663 eidem
1152 3610 1302 3675 Menologic
1319 3604 1353 3656 ad·
1401 3622 1408 3645 -·

285 3698 312 3748 in
329 3699 396 3749 notis
414 3696 446 3749 ad
464 3699 605 3765 orationem
624 3712 644 3748 s·
662 3698 798 3763 Ephrsemi
850 3696 1094 3758 tectam-Hispano
1105 3706 1149 3744 sex
1163 3693 1294 3743 mensibus
1303 3686 1352 3738 me
1400 3706 1408 3723 ε

286 3780 324 3833 ad
342 3779 375 3833 B.
400 3781 536 3849 Viralnem
554 3780 794 3836 Mariam-Floruit
847 3779 1170 3832 tenataniTomov1.Part.
1181 3780 1203 3827 l.
1214 3775 1274 3829 Act.
1283 3769 1353 3826 tanti·
1402 3790 1408 3817 =

285 3879 363 3930 porro
381 3866 423 3916 hin
440 3867 492 3916 Leo
511 3867 547 3916 vl
573 3866 642 3915 iuxta
666 3867 796 3917 Oudinum
849 3861 927 3917 Iunii
935 3864 1029 3914 adcit-
1041 3862 1073 3913 ad
1085 3862 1182 3912 calcem
1191 3874 1249 3925 pag.
1262 3861 1282 3909 1.
1298 3869 1353 3919 seqq·
1395 3874 1408 3905 ιι

284 3965 328 4015 op.
346 3951 391 4000 cit.
409 3956 479 4001 tomo
491 3951 523 3999 ll.
542 3949 590 3998 col.
609 3944 668 4025 594.
681 3965 722 4001 an.
734 3945 794 4002 890.
847 3950 997 4000 adiecerunt
1021 3961 1112 4011 mneos
1137 3960 1252 3997 mensem
1270 3943 1354 3995 iunius
1397 3960 1402 3971 ·

320 4025 356 4097 (4)
368 4032 494 4095 {ntegrum
504 4032 579 4081 huius
589 4045 608 4080 s.
618 4034 690 4082 Petri
699 4034 796 4082 oratio·
848 4046 879 4084 ex
897 4033 954 4083 Μι.
967 4032 1057 4081 codice
1074 4028 1263 4079 Basiliauorum
1285 4036 1355 4080 mont·
1399 4045 1408 4078 ι

286 4128 346 4164 nem
357 4116 470 4179 vulgavit
490 4119 585 4165 Bcncd.
605 4119 694 4167 Ptousa
707 4119 800 4168 adeat·
854 4117 924 4168 sterii
942 4115 1054 4180 cryptas
1071 4114 1204 4165 ferratae.
1393 4130 1408 4167 s

289 4214 344 4252 cem
357 4202 441 4265 operis
451 4202 490 4252 sni
505 4199 596 4254 Canen
608 4198 800 4256 Immaculatae
