2774 4906
771 345 815 358 -
837 307 880 377 30
902 347 946 360 -

328 435 467 494 tieotiom
482 434 546 492 eius
563 432 611 511 tn.
630 429 784 515 Virginis)
797 438 933 496 enimam
947 437 982 496 ire
992 438 1095 519 prbrio
1110 439 1239 499 buteoti
1267 440 1370 501 creati

328 541 377 598 nes
391 546 483 620 atque
498 533 660 615 infusionis
674 538 708 597 in
731 556 843 620 corpm
856 537 947 619 fuisse
961 538 1090 622 speciali
1102 537 1163 601 tte·
1172 543 1281 622 grotta
1293 551 1321 602 ct
1326 545 1378 626 pri

304 626 439 724 ''oclepio
461 640 578 700 intuitu
592 641 772 700 meritorum
786 637 857 704 lesu
874 637 991 703 Christi
1005 639 1059 727 (ig
1075 661 1177 725 eoque
1201 641 1298 711 titulo
1323 662 1377 705 ean

329 743 402 809 dom
416 742 519 820 effert,
534 740 622 826 quod
636 745 701 804 iam
714 742 776 824 sere
789 764 891 807 omncs
904 744 1050 808 catholici
1067 767 1135 810 eom
1150 747 1374 832 amplectantur

329 846 444 914 crebro
458 845 586 911 demum
603 853 827 910 commemorat
839 850 1071 913 immaculatam
1089 848 1321 936 conceptionem
1334 850 1377 913 De

206 1034 209 1041 ¹
329 951 515 1028 Genitriois,
537 949 778 1034 severioresque
798 950 1024 1016 interminatur
1043 974 1160 1040 poenm
1182 952 1224 1016 iis
1245 951 1353 1016 omnib
1379 978 1387 988 κ

329 1057 388 1144 qui
409 1053 524 1142 quavis
544 1052 668 1116 ratione
689 1057 747 1114 aut
767 1052 839 1117 viva
860 1074 948 1130 voce,
971 1062 1029 1118 aut
1051 1055 1190 1141 scriptis,
1213 1075 1299 1141 quae
1321 1054 1387 1117 iur

321 1161 400 1246 ipso
424 1155 586 1244 prohibita
605 1154 833 1233 decernuntur,
848 1156 1001 1221 adversus
1020 1164 1108 1246 mom
1132 1157 1171 1222 de
1189 1157 1382 1223 immacula·

271 1254 275 1260 ¹
322 1263 472 1350 Virginis
487 1261 649 1345 Conceptu
661 1260 849 1323 sententiam
866 1261 1071 1346 insurgerent
1084 1270 1116 1327 et
1130 1261 1381 1348 obloquerentur

122 1393 225 1441 Stiblata
236 1394 274 1442 di·
321 1394 325 1399 '

103 1466 232 1525 cooptatio.

91 2196 272 2259 ormnem
322 2214 326 2221 ’

98 2267 201 2316 indulsit
218 2266 273 2330 epi·

98 2351 167 2399 scop.
186 2342 273 2399 poien-

98 2407 163 2455 tibns
176 2407 273 2455 addita-

98 2482 211 2524 mentum
247 2477 273 2526 in

98 2546 210 2608 liicrgiu.

138 3032 274 3082 Promovet

114 3102 210 3151 cultum
229 3104 255 3153 in

94 3174 187 3223 Galliis.

413 1362 539 1430 Exinde
553 1363 743 1449 disceptatio
765 1370 863 1450 atque
885 1366 1080 1451 oppugnatio
1098 1365 1263 1452 quaelibet
1283 1372 1375 1454 myst

326 1468 369 1533 rii
392 1466 520 1553 penitus
543 1464 679 1530 cessarit
695 1465 801 1552 quoad
816 1466 886 1543 hoc,
902 1466 1090 1552 plenamque
1101 1474 1134 1530 et
1144 1466 1352 1552 tranquillam
1381 1495 1384 1521 ι

328 1571 472 1638 Ecclesia
493 1569 648 1634 catholica
669 1569 819 1635 universa
832 1571 1062 1657 possessionem
1076 1572 1219 1636 doctrina
1234 1571 1275 1635 de
1291 1573 1382 1635 imma

329 1675 435 1740 culata
456 1673 667 1760 Conceptione
692 1673 807 1760 adepta
822 1683 881 1739 est.
904 1677 971 1741 Nec
985 1676 1157 1762 quisquam
1170 1697 1246 1740 vere
1267 1675 1381 1740 catholi

322 1792 441 1844 scorum
455 1779 506 1843 vel
519 1776 643 1842 hiscere
657 1777 806 1864 deinceps
820 1785 995 1856 ostensus,
1011 1779 1038 1841 si
1048 1778 1251 1862 irreligiosos
1265 1778 1383 1843 nonnul

332 1886 379 1951 los
395 1876 758 1970 scriptores'neotcricos
778 1883 932 1969 excipias,
948 1883 1033 1946 inter
1047 1904 1129 1968 quos
1142 1883 1323 1969 principem
1337 1883 1383 1948 sib

325 1988 441 2052 locum
462 1985 603 2050 vindicat
617 1985 782 2048 Launoius
798 1981 840 2072 (2)
856 1991 953 2069 atque
975 1984 1127 2048 extremis
1149 1984 1237 2049 bisce
1259 1983 1330 2050 fere
1346 2007 1382 2051 an

328 2091 378 2155 nis
394 2089 553 2175 Georgius
567 2084 754 2152 Hermesius
771 2084 824 2175 (3).

411 2193 544 2258 Interim
555 2191 732 2278 Gregorius
744 2191 821 2254 xvl
836 2189 980 2254 eiusdem
994 2189 1067 2275 piae
1082 2190 1257 2255 sententiae
1273 2213 1376 2277 prom

323 2302 425 2361 torem
450 2294 605 2358 eximium
629 2315 663 2357 se
684 2290 845 2378 praebuit,
870 2291 946 2356 dum
968 2291 1096 2356 decreto
1119 2313 1228 2357 sacrae
1257 2295 1385 2359 nituu.

324 2398 585 2484 Congregationis
607 2395 765 2482 episcopis
787 2394 934 2458 omnibus
956 2393 1140 2480 petentibus
1162 2397 1332 2475 concessit,
1359 2419 1380 2460 u

324 2501 359 2565 in
372 2498 455 2564 festo
470 2497 693 2583 Conceptionis
707 2495 903 2561 adiiceretur
917 2497 1037 2562 Missae
1052 2495 1254 2583 praelationi:
1266 2500 1311 2562 Et
1323 2503 1374 2562 tei

330 2602 529 2692 Conceptiooe
539 2602 741 2666 immaculato
758 2597 811 2688 (i);
824 2622 882 2666 nec
897 2623 960 2665 non
975 2609 1013 2666 ut
1034 2603 1068 2666 in
1079 2602 1201 2667 litaniis
1215 2603 1386 2669 lauretani

328 2708 368 2772 ad
382 2714 488 2772 cetera
502 2705 646 2792 Virginis
660 2704 801 2769 encomia
817 2705 968 2769 accedere
983 2712 1015 2769 et
1030 2705 1085 2770 illa
1102 2706 1253 2772 salutatio
1275 2717 1381 2795 posset

314 2813 446 2897 Regino
460 2821 523 2875 stoc
539 2810 605 2874 lohe
625 2811 773 2894 originali
788 2820 948 2896 concepto5
963 2808 1050 2894 quod
1071 2810 1177 2895 reipsa
1199 2811 1320 2876 Romae
1348 2812 1368 2876 fi

329 2918 426 2983 sicuti
447 2915 567 2980 iamdiu
592 2913 632 2978 ab
647 2914 797 2978 universo
812 2913 932 2978 Ordine
955 2913 1119 2999 seraphion
1133 2913 1205 2978 fieri
1222 2937 1379 2982 consuere

327 3028 387 3086 rat.
412 3021 556 3105 Cumque
577 3018 611 3081 in
637 3016 750 3083 Galliis
772 3014 890 3081 festum
916 3015 1137 3102 Conceptionis
1163 3038 1204 3081 ex
1230 3027 1380 3104 praecept

323 3125 516 3212 obligatione
532 3146 593 3188 nou
608 3121 799 3219 celebretur,
820 3121 1033 3207 plurimorum
1055 3121 1279 3208 episcoporum
1304 3123 1387 3187 illiu

322 3228 415 3315 regni
433 3224 585 3313 precibus
605 3224 690 3289 idem
713 3244 856 3288 summus
872 3221 1021 3287 Pontifex
1035 3224 1158 3302 annuit,
1174 3230 1212 3287 ut
1234 3223 1387 3290 dominic.

325 3328 463 3396 secunda
478 3325 641 3394 Adventus
669 3325 803 3412 singulis
818 3325 909 3390 aunis
925 3325 1025 3390 Missa
1042 3325 1081 3389 de
1098 3314 1310 3411 Conceptioue
1323 3349 1387 3399 un

282 3452 284 3457 ’
325 3453 399 3498 cum
426 3429 550 3494 adiecta
571 3448 647 3495 voce
672 3428 873 3495 immaculato
886 3427 921 3490 in
936 3425 1134 3514 praelatione
1156 3426 1228 3492 euni
1249 3435 1308 3492 aut
1328 3428 1386 3515 leg'

366 3660 400 3728 (1)
417 3664 482 3715 ibid.
492 3658 518 3731 S.
528 3659 554 3714 1.
886 3694 889 3701 -
914 3655 948 3727 (3)
966 3659 1042 3711 etsi
1058 3660 1129 3710 lubet
1138 3664 1254 3710 nostrum
1267 3680 1278 3705 ι
1293 3657 1378 3715 Sunio

366 3739 398 3813 (l)
416 3748 447 3797 Ιιι
463 3747 583 3798 'tractatu
601 3760 676 3811 quem
695 3747 828 3810 inscripsit:
880 3741 1006 3796 audibo
1018 3741 1296 3796 deltoDissertozione
1312 3744 1384 3812 pote·

224 3886 227 3892 ,
323 3827 826 3900 PraescriptobneedeConcoptotcntoc
876 3827 1052 3880 sciendis-E·
1061 3829 1092 3879 li.
1101 3829 1120 3878 it
1128 3829 1174 3892 sig.
1187 3829 1376 3880 eardnambm

326 3906 829 3980 itioneVectemoppeaocomnm-
879 3908 1386 3979 schinisoll'tmmooototoConcepimen·

324 3991 625 4064 tobrog.l731,tom.1‚p.
637 3992 824 4064 ipepsseqq.
876 3999 904 4047 to
921 3992 1064 4049 uinaria.
1081 3991 1182 4046 innoti
1197 3991 1267 4045 delle
1280 3992 1382 4048 Secom

316 4080 826 4145 ¹ltebocauctoreoinsqueoperetusius
877 4073 1379 4147 religioserolxvlqtasedbRomi843

327 4164 564 4229 euoloeoegcmus.
646 4198 653 4211 .
888 4158 954 4230 ti)
971 4161 1134 4228 occupent.

836 4312 845 4353 l
