<?xml version="1.0" encoding="UTF-8"?>
<!DOCTYPE html PUBLIC "-//W3C//DTD XHTML 1.0 Transitional//EN"
    "http://www.w3.org/TR/xhtml1/DTD/xhtml1-transitional.dtd">
<html xmlns="http://www.w3.org/1999/xhtml" xml:lang="en" lang="en">
 <head>
  <title>
</title>
<meta http-equiv="Content-Type" content="text/html;charset=utf-8" />
  <meta name='ocr-system' content='tesseract 3.04.00' />
  <meta name='ocr-capabilities' content='ocr_page ocr_carea ocr_par ocr_line ocrx_word'/>
</head>
<body>
  <div class='ocr_page' id='page_1' title='image "./deimmaculatobvm00perrgoog_0210.png"; bbox 0 0 2828 4904; ppageno 0'>
   <div class='ocr_carea' id='block_1_1' title="bbox 487 313 675 383">
    <p class='ocr_par' dir='ltr' id='par_1_1' title="bbox 487 313 675 383">
     <span class='ocr_line' id='line_1_1' title="bbox 487 313 675 383; baseline 0 0"><span class='ocrx_word' id='word_1_1' title='bbox 487 313 675 383; x_wconf 78' lang='lat'><strong>-193-</strong></span> 
     </span>
    </p>
   </div>
   <div class='ocr_carea' id='block_1_2' title="bbox 96 433 1133 2706">
    <p class='ocr_par' dir='ltr' id='par_1_2' title="bbox 96 433 1133 2706">
     <span class='ocr_line' id='line_1_2' title="bbox 118 433 1123 518; baseline 0.005 -20"><span class='ocrx_word' id='word_1_2' title='bbox 118 433 264 518; x_wconf 84' lang='lat' dir='ltr'>quade</span> <span class='ocrx_word' id='word_1_3' title='bbox 289 433 411 518; x_wconf 90' lang='lat' dir='ltr'>agitur,</span> <span class='ocrx_word' id='word_1_4' title='bbox 435 435 617 500; x_wconf 89' lang='lat' dir='ltr'>conliciant.</span> <span class='ocrx_word' id='word_1_5' title='bbox 639 437 750 513; x_wconf 84' lang='lat' dir='ltr'>Quare</span> <span class='ocrx_word' id='word_1_6' title='bbox 775 435 870 501; x_wconf 83' lang='lat' dir='ltr'>aliam</span> <span class='ocrx_word' id='word_1_7' title='bbox 895 436 927 501; x_wconf 91' lang='lat' dir='ltr'>in</span> <span class='ocrx_word' id='word_1_8' title='bbox 955 437 1014 503; x_wconf 90' lang='lat' dir='ltr'>hoc</span> <span class='ocrx_word' id='word_1_9' title='bbox 1040 438 1123 503; x_wconf 80' lang='lat' dir='ltr'>viam</span> 
     </span>
     <span class='ocr_line' id='line_1_3' title="bbox 97 537 1124 629; baseline 0.009 -31"><span class='ocrx_word' id='word_1_10' title='bbox 97 537 206 602; x_wconf 77' lang='lat' dir='ltr'>idam</span> <span class='ocrx_word' id='word_1_11' title='bbox 229 559 410 616; x_wconf 80' lang='lat' dir='ltr'>censemus,</span> <span class='ocrx_word' id='word_1_12' title='bbox 427 560 512 626; x_wconf 90' lang='lat' dir='ltr'>quae</span> <span class='ocrx_word' id='word_1_13' title='bbox 536 548 569 605; x_wconf 92' lang='lat' dir='ltr'>et</span> <span class='ocrx_word' id='word_1_14' title='bbox 586 539 720 605; x_wconf 77' lang='lat' dir='ltr'>solidior</span> <span class='ocrx_word' id='word_1_15' title='bbox 741 549 773 605; x_wconf 88' lang='lat' dir='ltr'>et</span> <span class='ocrx_word' id='word_1_16' title='bbox 798 541 924 627; x_wconf 83' lang='lat' dir='ltr'>planior</span> <span class='ocrx_word' id='word_1_17' title='bbox 940 543 1000 621; x_wconf 89' lang='lat' dir='ltr'>sit,</span> <span class='ocrx_word' id='word_1_18' title='bbox 1025 549 1124 629; x_wconf 76' lang='lat' dir='ltr'>atqua</span> 
     </span>
     <span class='ocr_line' id='line_1_4' title="bbox 96 638 1122 731; baseline 0.002 -22"><span class='ocrx_word' id='word_1_19' title='bbox 96 638 126 716; x_wconf 85' lang='grc' dir='ltr'>Ι,</span> <span class='ocrx_word' id='word_1_20' title='bbox 158 667 227 731; x_wconf 92' lang='lat' dir='ltr'>quo</span> <span class='ocrx_word' id='word_1_21' title='bbox 243 654 438 730; x_wconf 78' lang='lat' dir='ltr'><strong>spectamus,</strong></span> <span class='ocrx_word' id='word_1_22' title='bbox 457 647 563 711; x_wconf 90' lang='lat' dir='ltr'>tutius</span> <span class='ocrx_word' id='word_1_23' title='bbox 580 645 820 731; x_wconf 89' lang='lat' dir='ltr'>assequendam</span> <span class='ocrx_word' id='word_1_24' title='bbox 841 647 1122 714; x_wconf 78' lang='lat' dir='ltr'>accommodatior.</span> 
     </span>
     <span class='ocr_line' id='line_1_5' title="bbox 132 749 1126 838; baseline 0.005 -26"><span class='ocrx_word' id='word_1_25' title='bbox 132 769 224 815; x_wconf 84' lang='lat' dir='ltr'>vero</span> <span class='ocrx_word' id='word_1_26' title='bbox 240 749 435 835; x_wconf 89' lang='lat' dir='ltr'>aperiemus,</span> <span class='ocrx_word' id='word_1_27' title='bbox 454 759 625 838; x_wconf 92' lang='lat' dir='ltr'>postquam</span> <span class='ocrx_word' id='word_1_28' title='bbox 644 753 814 817; x_wconf 89' lang='lat' dir='ltr'>nonnullas</span> <span class='ocrx_word' id='word_1_29' title='bbox 831 751 1126 818; x_wconf 88' lang='lat' dir='ltr'>animadversiones</span> 
     </span>
     <span class='ocr_line' id='line_1_6' title="bbox 132 858 1019 948; baseline 0.005 -29"><span class='ocrx_word' id='word_1_30' title='bbox 132 870 339 941; x_wconf 81' lang='lat' dir='ltr'>argumenta</span> <span class='ocrx_word' id='word_1_31' title='bbox 363 858 531 944; x_wconf 77' lang='lat' dir='ltr'>utrimque</span> <span class='ocrx_word' id='word_1_32' title='bbox 555 860 720 944; x_wconf 88' lang='lat' dir='ltr'>proposita</span> <span class='ocrx_word' id='word_1_33' title='bbox 745 860 1019 948; x_wconf 75' lang='lat' dir='ltr'>praemiserimus.</span> 
     </span>
     <span class='ocr_line' id='line_1_7' title="bbox 96 953 1126 1049; baseline 0.003 -27"><span class='ocrx_word' id='word_1_34' title='bbox 96 953 283 1045; x_wconf 56' lang='lat' dir='ltr'>&amp;reprimo</span> <span class='ocrx_word' id='word_1_35' title='bbox 299 959 476 1026; x_wconf 84' lang='lat' dir='ltr'>Ecclesiam</span> <span class='ocrx_word' id='word_1_36' title='bbox 497 981 590 1046; x_wconf 90' lang='lat' dir='ltr'>posse</span> <span class='ocrx_word' id='word_1_37' title='bbox 614 962 739 1049; x_wconf 89' lang='lat' dir='ltr'>aliquid</span> <span class='ocrx_word' id='word_1_38' title='bbox 761 959 905 1040; x_wconf 84' lang='lat' dir='ltr'>delinire,</span> <span class='ocrx_word' id='word_1_39' title='bbox 923 960 1011 1049; x_wconf 85' lang='lat' dir='ltr'>quod</span> <span class='ocrx_word' id='word_1_40' title='bbox 1023 963 1126 1049; x_wconf 80' lang='lat' dir='ltr'>impli-</span> 
     </span>
     <span class='ocr_line' id='line_1_8' title="bbox 96 1064 1126 1151; baseline 0.002 -23"><span class='ocrx_word' id='word_1_41' title='bbox 96 1073 126 1119; x_wconf 70' lang='lat'>11</span> <span class='ocrx_word' id='word_1_42' title='bbox 171 1065 367 1132; x_wconf 83' lang='lat' dir='ltr'>revelatione</span> <span class='ocrx_word' id='word_1_43' title='bbox 389 1064 498 1131; x_wconf 86' lang='lat' dir='ltr'>divina</span> <span class='ocrx_word' id='word_1_44' title='bbox 523 1067 731 1145; x_wconf 78' lang='lat' dir='ltr'>continetur,</span> <span class='ocrx_word' id='word_1_45' title='bbox 762 1068 829 1130; x_wconf 85' lang='lat' dir='ltr'>sive</span> <span class='ocrx_word' id='word_1_46' title='bbox 853 1066 886 1130; x_wconf 91' lang='lat' dir='ltr'>id</span> <span class='ocrx_word' id='word_1_47' title='bbox 909 1065 1126 1151; x_wconf 80' lang='lat' dir='ltr'>explicatione</span> 
     </span>
     <span class='ocr_line' id='line_1_9' title="bbox 96 1173 1126 1260; baseline 0.001 -23"><span class='ocrx_word' id='word_1_48' title='bbox 96 1178 251 1250; x_wconf 59' lang='lat' dir='ltr'>aptarim</span> <span class='ocrx_word' id='word_1_49' title='bbox 276 1174 442 1260; x_wconf 78' lang='lat' dir='ltr'>indigeat,</span> <span class='ocrx_word' id='word_1_50' title='bbox 473 1173 541 1237; x_wconf 85' lang='lat' dir='ltr'>sive</span> <span class='ocrx_word' id='word_1_51' title='bbox 565 1173 599 1238; x_wconf 89' lang='lat' dir='ltr'>id</span> <span class='ocrx_word' id='word_1_52' title='bbox 630 1174 772 1259; x_wconf 90' lang='lat' dir='ltr'>legitima</span> <span class='ocrx_word' id='word_1_53' title='bbox 798 1195 834 1238; x_wconf 90' lang='lat' dir='ltr'>ao</span> <span class='ocrx_word' id='word_1_54' title='bbox 863 1177 1046 1241; x_wconf 84' lang='lat' dir='ltr'>necessaria</span> <span class='ocrx_word' id='word_1_55' title='bbox 1074 1195 1126 1238; x_wconf 90' lang='lat' dir='ltr'>ar·</span> 
     </span>
     <span class='ocr_line' id='line_1_10' title="bbox 96 1275 1131 1363; baseline 0.005 -25"><span class='ocrx_word' id='word_1_56' title='bbox 96 1279 278 1344; x_wconf 74' lang='lat' dir='ltr'>enraaione</span> <span class='ocrx_word' id='word_1_57' title='bbox 298 1277 374 1343; x_wconf 87' lang='lat' dir='ltr'>iude</span> <span class='ocrx_word' id='word_1_58' title='bbox 399 1277 441 1341; x_wconf 85' lang='lat' dir='ltr'>sit</span> <span class='ocrx_word' id='word_1_59' title='bbox 465 1275 702 1355; x_wconf 90' lang='lat' dir='ltr'>deducendum,</span> <span class='ocrx_word' id='word_1_60' title='bbox 727 1286 826 1363; x_wconf 89' lang='lat' dir='ltr'>atque</span> <span class='ocrx_word' id='word_1_61' title='bbox 850 1278 908 1343; x_wconf 87' lang='lat' dir='ltr'>lroc</span> <span class='ocrx_word' id='word_1_62' title='bbox 926 1277 975 1343; x_wconf 88' lang='lat' dir='ltr'>vel</span> <span class='ocrx_word' id='word_1_63' title='bbox 990 1300 1030 1344; x_wconf 80' lang='lat' dir='ltr'>ex</span> <span class='ocrx_word' id='word_1_64' title='bbox 1046 1276 1131 1343; x_wconf 82' lang='lat' dir='ltr'>dua·¹</span> 
     </span>
     <span class='ocr_line' id='line_1_11' title="bbox 105 1368 1125 1469; baseline 0.006 -27"><span class='ocrx_word' id='word_1_65' title='bbox 105 1368 160 1442; x_wconf 67' lang='lat' dir='ltr'>(le</span> <span class='ocrx_word' id='word_1_66' title='bbox 187 1379 250 1446; x_wconf 90' lang='lat' dir='ltr'>lide</span> <span class='ocrx_word' id='word_1_67' title='bbox 274 1380 462 1467; x_wconf 82' lang='lat' dir='ltr'>praemissis</span> <span class='ocrx_word' id='word_1_68' title='bbox 491 1379 788 1466; x_wconf 82' lang='lat' dir='ltr'>propositionibus,</span> <span class='ocrx_word' id='word_1_69' title='bbox 814 1382 862 1446; x_wconf 82' lang='lat' dir='ltr'>rel</span> <span class='ocrx_word' id='word_1_70' title='bbox 887 1403 928 1447; x_wconf 79' lang='lat' dir='ltr'>ex</span> <span class='ocrx_word' id='word_1_71' title='bbox 951 1402 1015 1446; x_wconf 90' lang='lat' dir='ltr'>una</span> <span class='ocrx_word' id='word_1_72' title='bbox 1040 1401 1125 1469; x_wconf 81' lang='lat' dir='ltr'>quae</span> 
     </span>
     <span class='ocr_line' id='line_1_12' title="bbox 96 1463 1126 1570; baseline 0.004 -24"><span class='ocrx_word' id='word_1_73' title='bbox 96 1463 161 1546; x_wconf 65' lang='lat' dir='ltr'>Me</span> <span class='ocrx_word' id='word_1_74' title='bbox 183 1484 244 1563; x_wconf 86' lang='lat' dir='ltr'>sit,</span> <span class='ocrx_word' id='word_1_75' title='bbox 270 1483 372 1550; x_wconf 86' lang='lat' dir='ltr'>alters</span> <span class='ocrx_word' id='word_1_76' title='bbox 396 1505 473 1549; x_wconf 88' lang='lat' dir='ltr'>vero</span> <span class='ocrx_word' id='word_1_77' title='bbox 504 1506 588 1570; x_wconf 91' lang='lat' dir='ltr'>quae</span> <span class='ocrx_word' id='word_1_78' title='bbox 611 1504 653 1548; x_wconf 83' lang='lat' dir='ltr'>ex</span> <span class='ocrx_word' id='word_1_79' title='bbox 677 1483 820 1548; x_wconf 90' lang='lat' dir='ltr'>naturali</span> <span class='ocrx_word' id='word_1_80' title='bbox 845 1485 971 1550; x_wconf 83' lang='lat' dir='ltr'>ratione</span> <span class='ocrx_word' id='word_1_81' title='bbox 995 1486 1038 1549; x_wconf 88' lang='lat' dir='ltr'>sit</span> <span class='ocrx_word' id='word_1_82' title='bbox 1060 1485 1126 1552; x_wconf 86' lang='lat' dir='ltr'>evi·</span> 
     </span>
     <span class='ocr_line' id='line_1_13' title="bbox 96 1582 1126 1677; baseline 0 -23"><span class='ocrx_word' id='word_1_83' title='bbox 96 1582 126 1654; x_wconf 46' lang='grc' dir='ltr'>Ν</span> <span class='ocrx_word' id='word_1_84' title='bbox 148 1586 224 1654; x_wconf 85' lang='lat' dir='ltr'>licet</span> <span class='ocrx_word' id='word_1_85' title='bbox 241 1609 304 1654; x_wconf 89' lang='lat' dir='ltr'>non</span> <span class='ocrx_word' id='word_1_86' title='bbox 318 1588 449 1677; x_wconf 68' lang='lat' dir='ltr'>physica</span> <span class='ocrx_word' id='word_1_87' title='bbox 473 1599 531 1655; x_wconf 86' lang='lat' dir='ltr'>aut</span> <span class='ocrx_word' id='word_1_88' title='bbox 547 1588 771 1677; x_wconf 69' lang='lat' dir='ltr'>metaphysica,</span> <span class='ocrx_word' id='word_1_89' title='bbox 790 1588 846 1654; x_wconf 81' lang='lat' dir='ltr'>sed</span> <span class='ocrx_word' id='word_1_90' title='bbox 866 1592 983 1655; x_wconf 78' lang='lat' dir='ltr'>morali</span> <span class='ocrx_word' id='word_1_91' title='bbox 999 1597 1126 1654; x_wconf 87' lang='lat' dir='ltr'>tantum</span> 
     </span>
     <span class='ocr_line' id='line_1_14' title="bbox 96 1669 1126 1779; baseline 0.005 -28"><span class='ocrx_word' id='word_1_92' title='bbox 96 1669 194 1758; x_wconf 68' lang='lat' dir='ltr'>lautia</span> <span class='ocrx_word' id='word_1_93' title='bbox 217 1713 323 1757; x_wconf 78' lang='lat' dir='ltr'>nexus</span> <span class='ocrx_word' id='word_1_94' title='bbox 349 1699 480 1779; x_wconf 89' lang='lat' dir='ltr'>pateat,</span> <span class='ocrx_word' id='word_1_95' title='bbox 506 1699 604 1777; x_wconf 89' lang='lat' dir='ltr'>prout</span> <span class='ocrx_word' id='word_1_96' title='bbox 628 1692 700 1779; x_wconf 89' lang='lat' dir='ltr'>piae</span> <span class='ocrx_word' id='word_1_97' title='bbox 728 1691 912 1757; x_wconf 82' lang='lat' dir='ltr'>adsertores</span> <span class='ocrx_word' id='word_1_98' title='bbox 947 1692 1126 1758; x_wconf 89' lang='lat' dir='ltr'>sententiae</span> 
     </span>
     <span class='ocr_line' id='line_1_15' title="bbox 96 1765 1127 1893; baseline 0.003 -36"><span class='ocrx_word' id='word_1_99' title='bbox 96 1765 209 1893; x_wconf 44' lang='lat' dir='ltr'>Quat,</span> <span class='ocrx_word' id='word_1_100' title='bbox 234 1799 289 1858; x_wconf 83' lang='lat' dir='ltr'>vix</span> <span class='ocrx_word' id='word_1_101' title='bbox 315 1797 347 1862; x_wconf 90' lang='lat' dir='ltr'>in</span> <span class='ocrx_word' id='word_1_102' title='bbox 363 1796 502 1862; x_wconf 88' lang='lat' dir='ltr'>dubium</span> <span class='ocrx_word' id='word_1_103' title='bbox 527 1797 673 1862; x_wconf 80' lang='lat' dir='ltr'>revocari</span> <span class='ocrx_word' id='word_1_104' title='bbox 690 1818 784 1883; x_wconf 89' lang='lat' dir='ltr'>posse</span> <span class='ocrx_word' id='word_1_105' title='bbox 800 1797 940 1863; x_wconf 87' lang='lat' dir='ltr'>videtur.</span> <span class='ocrx_word' id='word_1_106' title='bbox 960 1795 1127 1885; x_wconf 87' lang='lat' dir='ltr'>Siquidem</span> 
     </span>
     <span class='ocr_line' id='line_1_16' title="bbox 96 1896 1129 1984; baseline 0.008 -24"><span class='ocrx_word' id='word_1_107' title='bbox 96 1898 144 1960; x_wconf 76' lang='lat' dir='ltr'>luo</span> <span class='ocrx_word' id='word_1_108' title='bbox 164 1896 325 1964; x_wconf 86' lang='lat' dir='ltr'>evidentia</span> <span class='ocrx_word' id='word_1_109' title='bbox 361 1916 492 1984; x_wconf 86' lang='lat' dir='ltr'>quoque</span> <span class='ocrx_word' id='word_1_110' title='bbox 515 1904 646 1967; x_wconf 81' lang='lat' dir='ltr'>moralis</span> <span class='ocrx_word' id='word_1_111' title='bbox 670 1923 779 1968; x_wconf 88' lang='lat' dir='ltr'>veram</span> <span class='ocrx_word' id='word_1_112' title='bbox 803 1902 959 1968; x_wconf 88' lang='lat' dir='ltr'>illationis</span> <span class='ocrx_word' id='word_1_113' title='bbox 987 1902 1129 1968; x_wconf 89' lang='lat' dir='ltr'>necessi·</span> 
     </span>
     <span class='ocr_line' id='line_1_17' title="bbox 96 2001 1130 2095; baseline 0.009 -32"><span class='ocrx_word' id='word_1_114' title='bbox 96 2021 135 2066; x_wconf 86' lang='lat' dir='ltr'>cn</span> <span class='ocrx_word' id='word_1_115' title='bbox 160 2001 275 2088; x_wconf 88' lang='lat' dir='ltr'>gignit,</span> <span class='ocrx_word' id='word_1_116' title='bbox 301 2001 365 2065; x_wconf 93' lang='lat' dir='ltr'>imo</span> <span class='ocrx_word' id='word_1_117' title='bbox 390 2008 421 2066; x_wconf 93' lang='lat' dir='ltr'>et</span> <span class='ocrx_word' id='word_1_118' title='bbox 438 2006 675 2088; x_wconf 71' lang='lat' dir='ltr'>metaphysicae</span> <span class='ocrx_word' id='word_1_119' title='bbox 693 2007 756 2094; x_wconf 91' lang='lat' dir='ltr'>ipsi</span> <span class='ocrx_word' id='word_1_120' title='bbox 780 2005 962 2072; x_wconf 86' lang='lat' dir='ltr'>evidentiae</span> <span class='ocrx_word' id='word_1_121' title='bbox 984 2005 1130 2095; x_wconf 88' lang='lat' dir='ltr'>quando·</span> 
     </span>
     <span class='ocr_line' id='line_1_18' title="bbox 96 2105 1131 2195; baseline 0.006 -23"><span class='ocrx_word' id='word_1_122' title='bbox 96 2129 101 2172; x_wconf 77' lang='lat' dir='ltr'>a</span> <span class='ocrx_word' id='word_1_123' title='bbox 125 2107 336 2195; x_wconf 86' lang='lat' dir='ltr'>aequipollet.</span> <span class='ocrx_word' id='word_1_124' title='bbox 361 2105 485 2172; x_wconf 88' lang='lat' dir='ltr'>Deinde</span> <span class='ocrx_word' id='word_1_125' title='bbox 509 2106 536 2170; x_wconf 94' lang='lat' dir='ltr'>si</span> <span class='ocrx_word' id='word_1_126' title='bbox 560 2127 611 2170; x_wconf 89' lang='lat' dir='ltr'>res</span> <span class='ocrx_word' id='word_1_127' title='bbox 636 2126 730 2170; x_wconf 88' lang='lat' dir='ltr'>secus</span> <span class='ocrx_word' id='word_1_128' title='bbox 754 2120 855 2185; x_wconf 86' lang='lat' dir='ltr'>essct,</span> <span class='ocrx_word' id='word_1_129' title='bbox 879 2113 987 2177; x_wconf 88' lang='lat' dir='ltr'>minus</span> <span class='ocrx_word' id='word_1_130' title='bbox 1011 2113 1045 2177; x_wconf 91' lang='lat' dir='ltr'>in</span> <span class='ocrx_word' id='word_1_131' title='bbox 1068 2113 1131 2178; x_wconf 85' lang='lat' dir='ltr'>Ec·</span> 
     </span>
     <span class='ocr_line' id='line_1_19' title="bbox 96 2208 1130 2295; baseline 0.002 -20"><span class='ocrx_word' id='word_1_132' title='bbox 96 2213 134 2278; x_wconf 74' lang='lat' dir='ltr'>iia</span> <span class='ocrx_word' id='word_1_133' title='bbox 154 2209 275 2277; x_wconf 89' lang='lat' dir='ltr'>iudicis</span> <span class='ocrx_word' id='word_1_134' title='bbox 293 2209 589 2274; x_wconf 80' lang='lat' dir='ltr'>controversiarum</span> <span class='ocrx_word' id='word_1_135' title='bbox 611 2208 785 2272; x_wconf 86' lang='lat' dir='ltr'>necessitas</span> <span class='ocrx_word' id='word_1_136' title='bbox 802 2218 984 2295; x_wconf 89' lang='lat' dir='ltr'>appareret.</span> <span class='ocrx_word' id='word_1_137' title='bbox 1003 2215 1084 2276; x_wconf 88' lang='lat' dir='ltr'>Nam</span> <span class='ocrx_word' id='word_1_138' title='bbox 1102 2213 1130 2277; x_wconf 89' lang='lat' dir='ltr'>si</span> 
     </span>
     <span class='ocr_line' id='line_1_20' title="bbox 96 2313 1129 2403; baseline -0.004 -19"><span class='ocrx_word' id='word_1_139' title='bbox 96 2341 109 2384; x_wconf 92' lang='lat' dir='ltr'>s</span> <span class='ocrx_word' id='word_1_140' title='bbox 128 2316 289 2403; x_wconf 79' lang='lat' dir='ltr'>excipias,</span> <span class='ocrx_word' id='word_1_141' title='bbox 304 2314 362 2401; x_wconf 92' lang='lat' dir='ltr'>qui</span> <span class='ocrx_word' id='word_1_142' title='bbox 376 2313 538 2381; x_wconf 88' lang='lat' dir='ltr'>destinato</span> <span class='ocrx_word' id='word_1_143' title='bbox 550 2315 657 2380; x_wconf 90' lang='lat' dir='ltr'>animo</span> <span class='ocrx_word' id='word_1_144' title='bbox 672 2335 709 2379; x_wconf 90' lang='lat' dir='ltr'>ea</span> <span class='ocrx_word' id='word_1_145' title='bbox 726 2315 824 2379; x_wconf 90' lang='lat' dir='ltr'>etiam</span> <span class='ocrx_word' id='word_1_146' title='bbox 840 2315 909 2400; x_wconf 87' lang='lat' dir='ltr'>ipse</span> <span class='ocrx_word' id='word_1_147' title='bbox 927 2315 1129 2403; x_wconf 77' lang='lat' dir='ltr'>impugnant,</span> 
     </span>
     <span class='ocr_line' id='line_1_21' title="bbox 96 2418 1133 2512; baseline -0.003 -25"><span class='ocrx_word' id='word_1_148' title='bbox 96 2421 228 2512; x_wconf 90' lang='lat' dir='ltr'>quibus</span> <span class='ocrx_word' id='word_1_149' title='bbox 251 2419 378 2507; x_wconf 92' lang='lat' dir='ltr'>liquido</span> <span class='ocrx_word' id='word_1_150' title='bbox 401 2427 579 2507; x_wconf 89' lang='lat' dir='ltr'>aperteque</span> <span class='ocrx_word' id='word_1_151' title='bbox 603 2427 740 2498; x_wconf 85' lang='lat' dir='ltr'>constat,</span> <span class='ocrx_word' id='word_1_152' title='bbox 765 2418 890 2484; x_wconf 89' lang='lat' dir='ltr'>cordati</span> <span class='ocrx_word' id='word_1_153' title='bbox 913 2438 1023 2485; x_wconf 86' lang='lat' dir='ltr'>omnes</span> <span class='ocrx_word' id='word_1_154' title='bbox 1048 2421 1133 2485; x_wconf 87' lang='lat' dir='ltr'>sani·</span> 
     </span>
     <span class='ocr_line' id='line_1_22' title="bbox 96 2521 1132 2611; baseline -0.003 -21"><span class='ocrx_word' id='word_1_155' title='bbox 96 2521 246 2592; x_wconf 71' lang='lat' dir='ltr'>tiudicii</span> <span class='ocrx_word' id='word_1_156' title='bbox 269 2521 334 2588; x_wconf 86' lang='lat' dir='ltr'>riri</span> <span class='ocrx_word' id='word_1_157' title='bbox 356 2543 395 2587; x_wconf 90' lang='lat' dir='ltr'>ea</span> <span class='ocrx_word' id='word_1_158' title='bbox 418 2521 545 2588; x_wconf 88' lang='lat' dir='ltr'>lubenti</span> <span class='ocrx_word' id='word_1_159' title='bbox 569 2522 676 2588; x_wconf 89' lang='lat' dir='ltr'>animo</span> <span class='ocrx_word' id='word_1_160' title='bbox 699 2521 898 2601; x_wconf 88' lang='lat' dir='ltr'>admittunt,</span> <span class='ocrx_word' id='word_1_161' title='bbox 922 2521 1003 2611; x_wconf 89' lang='lat' dir='ltr'>qnia</span> <span class='ocrx_word' id='word_1_162' title='bbox 1033 2522 1132 2587; x_wconf 81' lang='lat' dir='ltr'>ullam</span> 
     </span>
     <span class='ocr_line' id='line_1_23' title="bbox 96 2624 1133 2706; baseline -0.005 -10"><span class='ocrx_word' id='word_1_163' title='bbox 96 2629 140 2696; x_wconf 86' lang='lat' dir='ltr'>iis</span> <span class='ocrx_word' id='word_1_164' title='bbox 161 2627 421 2694; x_wconf 88' lang='lat' dir='ltr'>controversiam</span> <span class='ocrx_word' id='word_1_165' title='bbox 439 2635 598 2694; x_wconf 87' lang='lat' dir='ltr'>morcant.</span> <span class='ocrx_word' id='word_1_166' title='bbox 623 2625 674 2692; x_wconf 83' lang='lat' dir='ltr'>Ad</span> <span class='ocrx_word' id='word_1_167' title='bbox 693 2627 772 2693; x_wconf 89' lang='lat' dir='ltr'>hacc</span> <span class='ocrx_word' id='word_1_168' title='bbox 790 2674 799 2706; x_wconf 93' lang='lat'>,</span> <span class='ocrx_word' id='word_1_169' title='bbox 820 2626 918 2692; x_wconf 86' lang='lat' dir='ltr'>nimis</span> <span class='ocrx_word' id='word_1_170' title='bbox 943 2624 1018 2692; x_wconf 86' lang='lat' dir='ltr'>inde</span> <span class='ocrx_word' id='word_1_171' title='bbox 1042 2647 1133 2692; x_wconf 88' lang='lat' dir='ltr'>coar-</span> 
     </span>
    </p>
   </div>
   <div class='ocr_carea' id='block_1_3' title="bbox 1177 1391 1358 1948">
    <p class='ocr_par' dir='ltr' id='par_1_3' title="bbox 1177 1391 1358 1665">
     <span class='ocr_line' id='line_1_24' title="bbox 1204 1391 1357 1454; baseline -0.02 -12"><span class='ocrx_word' id='word_1_172' title='bbox 1204 1391 1261 1442; x_wconf 86' lang='lat' dir='ltr'>llon</span> <span class='ocrx_word' id='word_1_173' title='bbox 1274 1392 1357 1454; x_wconf 82' lang='lat' dir='ltr'>requi-</span> 
     </span>
     <span class='ocr_line' id='line_1_25' title="bbox 1177 1461 1358 1511; baseline -0.011 0"><span class='ocrx_word' id='word_1_174' title='bbox 1177 1462 1243 1511; x_wconf 85' lang='lat' dir='ltr'>rltur</span> <span class='ocrx_word' id='word_1_175' title='bbox 1252 1461 1283 1511; x_wconf 80' lang='lat' dir='ltr'>ad</span> <span class='ocrx_word' id='word_1_176' title='bbox 1294 1462 1358 1510; x_wconf 86' lang='lat' dir='ltr'>dell·</span> 
     </span>
     <span class='ocr_line' id='line_1_26' title="bbox 1177 1533 1358 1582; baseline -0.011 0"><span class='ocrx_word' id='word_1_177' title='bbox 1177 1533 1300 1582; x_wconf 86' lang='lat' dir='ltr'>nlllonem</span> <span class='ocrx_word' id='word_1_178' title='bbox 1318 1537 1358 1581; x_wconf 87' lang='lat' dir='ltr'>ta·</span> 
     </span>
     <span class='ocr_line' id='line_1_27' title="bbox 1179 1603 1357 1665; baseline 0 -13"><span class='ocrx_word' id='word_1_179' title='bbox 1179 1603 1357 1665; x_wconf 79' lang='lat' dir='ltr'>lisneaus,qul</span> 
     </span>
    </p>

    <p class='ocr_par' dir='ltr' id='par_1_4' title="bbox 1180 1673 1358 1876">
     <span class='ocr_line' id='line_1_28' title="bbox 1209 1673 1335 1722; baseline -0.008 -1"><span class='ocrx_word' id='word_1_180' title='bbox 1209 1673 1335 1722; x_wconf 83' lang='lat' dir='ltr'>evidentia</span> 
     </span>
     <span class='ocr_line' id='line_1_29' title="bbox 1180 1744 1358 1806; baseline -0.006 -13"><span class='ocrx_word' id='word_1_181' title='bbox 1180 1744 1294 1806; x_wconf 80' lang='lat' dir='ltr'>physica,</span> <span class='ocrx_word' id='word_1_182' title='bbox 1313 1747 1358 1792; x_wconf 84' lang='lat' dir='ltr'>aut</span> 
     </span>
     <span class='ocr_line' id='line_1_30' title="bbox 1180 1813 1353 1876; baseline -0.017 -11"><span class='ocrx_word' id='word_1_183' title='bbox 1180 1813 1353 1876; x_wconf 81' lang='lat' dir='ltr'>metaphysica</span> 
     </span>
    </p>

    <p class='ocr_par' dir='ltr' id='par_1_5' title="bbox 1227 1889 1312 1948">
     <span class='ocr_line' id='line_1_31' title="bbox 1227 1889 1312 1948; baseline -0.012 -14"><span class='ocrx_word' id='word_1_184' title='bbox 1227 1889 1312 1948; x_wconf 82' lang='lat' dir='ltr'>pateat</span> 
     </span>
    </p>
   </div>
   <div class='ocr_carea' id='block_1_4' title="bbox 96 2728 1307 2818">
    <p class='ocr_par' dir='ltr' id='par_1_6' title="bbox 96 2728 1307 2818">
     <span class='ocr_line' id='line_1_32' title="bbox 96 2728 1307 2818; baseline -0.011 -17"><span class='ocrx_word' id='word_1_185' title='bbox 96 2746 189 2801; x_wconf 76' lang='lat' dir='ltr'>etur</span> <span class='ocrx_word' id='word_1_186' title='bbox 216 2731 362 2818; x_wconf 88' lang='lat' dir='ltr'>supremi</span> <span class='ocrx_word' id='word_1_187' title='bbox 385 2731 475 2797; x_wconf 91' lang='lat' dir='ltr'>illius</span> <span class='ocrx_word' id='word_1_188' title='bbox 499 2732 678 2817; x_wconf 78' lang='lat' dir='ltr'>magisterii</span> <span class='ocrx_word' id='word_1_189' title='bbox 708 2753 843 2808; x_wconf 92' lang='lat' dir='ltr'>munus,</span> <span class='ocrx_word' id='word_1_190' title='bbox 867 2728 956 2818; x_wconf 89' lang='lat' dir='ltr'>quad</span> <span class='ocrx_word' id='word_1_191' title='bbox 980 2731 1131 2797; x_wconf 83' lang='lat' dir='ltr'>Christus</span> <span class='ocrx_word' id='word_1_192' title='bbox 1199 2793 1201 2799; x_wconf 82' lang='grc'><strong>,</strong></span> <span class='ocrx_word' id='word_1_193' title='bbox 1301 2775 1307 2788; x_wconf 80' lang='lat'>.</span> 
     </span>
    </p>
   </div>
   <div class='ocr_carea' id='block_1_5' title="bbox 96 2832 1138 3972">
    <p class='ocr_par' dir='ltr' id='par_1_7' title="bbox 96 2832 1134 3238">
     <span class='ocr_line' id='line_1_33' title="bbox 96 2832 1133 2922; baseline -0.006 -18"><span class='ocrx_word' id='word_1_194' title='bbox 96 2839 206 2904; x_wconf 86' lang='lat' dir='ltr'>lesiae</span> <span class='ocrx_word' id='word_1_195' title='bbox 220 2858 300 2903; x_wconf 88' lang='lat' dir='ltr'>suae</span> <span class='ocrx_word' id='word_1_196' title='bbox 316 2834 529 2912; x_wconf 90' lang='lat' dir='ltr'>concredidit,</span> <span class='ocrx_word' id='word_1_197' title='bbox 546 2843 579 2900; x_wconf 90' lang='lat' dir='ltr'>el</span> <span class='ocrx_word' id='word_1_198' title='bbox 591 2857 656 2922; x_wconf 90' lang='lat' dir='ltr'>qua</span> <span class='ocrx_word' id='word_1_199' title='bbox 669 2836 739 2921; x_wconf 90' lang='lat' dir='ltr'>ipsa</span> <span class='ocrx_word' id='word_1_200' title='bbox 756 2835 795 2901; x_wconf 91' lang='lat' dir='ltr'>do</span> <span class='ocrx_word' id='word_1_201' title='bbox 811 2832 1042 2902; x_wconf 81' lang='lat' dir='ltr'>controversiis</span> <span class='ocrx_word' id='word_1_202' title='bbox 1060 2835 1133 2921; x_wconf 88' lang='lat' dir='ltr'>qui-</span> 
     </span>
     <span class='ocr_line' id='line_1_34' title="bbox 96 2938 1132 3027; baseline 0 -25"><span class='ocrx_word' id='word_1_203' title='bbox 96 2944 153 3009; x_wconf 71' lang='lat' dir='ltr'>nis</span> <span class='ocrx_word' id='word_1_204' title='bbox 180 2940 339 3017; x_wconf 86' lang='lat' dir='ltr'>iudicare,</span> <span class='ocrx_word' id='word_1_205' title='bbox 356 2962 477 3027; x_wconf 90' lang='lat' dir='ltr'>easque</span> <span class='ocrx_word' id='word_1_206' title='bbox 494 2940 649 3006; x_wconf 89' lang='lat' dir='ltr'>dirimere</span> <span class='ocrx_word' id='word_1_207' title='bbox 671 2947 788 3026; x_wconf 89' lang='lat' dir='ltr'>potest.</span> <span class='ocrx_word' id='word_1_208' title='bbox 809 2941 946 3004; x_wconf 86' lang='lat' dir='ltr'>Domum</span> <span class='ocrx_word' id='word_1_209' title='bbox 971 2938 1132 3004; x_wconf 89' lang='lat' dir='ltr'>eiusmodi</span> 
     </span>
     <span class='ocr_line' id='line_1_35' title="bbox 96 3041 1132 3130; baseline -0.007 -18"><span class='ocrx_word' id='word_1_210' title='bbox 96 3043 203 3128; x_wconf 83' lang='lat' dir='ltr'>tiendi</span> <span class='ocrx_word' id='word_1_211' title='bbox 216 3045 300 3109; x_wconf 87' lang='lat' dir='ltr'>ratio</span> <span class='ocrx_word' id='word_1_212' title='bbox 312 3044 459 3130; x_wconf 89' lang='lat' dir='ltr'>componi</span> <span class='ocrx_word' id='word_1_213' title='bbox 478 3043 731 3130; x_wconf 88' lang='lat' dir='ltr'>haudquaquam</span> <span class='ocrx_word' id='word_1_214' title='bbox 745 3050 850 3129; x_wconf 86' lang='lat' dir='ltr'>potest</span> <span class='ocrx_word' id='word_1_215' title='bbox 867 3063 942 3106; x_wconf 91' lang='lat' dir='ltr'>cum</span> <span class='ocrx_word' id='word_1_216' title='bbox 962 3063 1000 3108; x_wconf 87' lang='lat' dir='ltr'>ea</span> <span class='ocrx_word' id='word_1_217' title='bbox 1018 3041 1132 3128; x_wconf 85' lang='lat' dir='ltr'>agendi</span> 
     </span>
     <span class='ocr_line' id='line_1_36' title="bbox 96 3144 1134 3238; baseline -0.005 -22"><span class='ocrx_word' id='word_1_218' title='bbox 96 3153 182 3228; x_wconf 89' lang='lat' dir='ltr'>ioue,</span> <span class='ocrx_word' id='word_1_219' title='bbox 198 3169 265 3238; x_wconf 87' lang='lat' dir='ltr'>qua</span> <span class='ocrx_word' id='word_1_220' title='bbox 283 3146 429 3214; x_wconf 87' lang='lat' dir='ltr'>Ecclesia</span> <span class='ocrx_word' id='word_1_221' title='bbox 454 3168 514 3213; x_wconf 87' lang='lat' dir='ltr'>usa</span> <span class='ocrx_word' id='word_1_222' title='bbox 537 3147 712 3212; x_wconf 89' lang='lat' dir='ltr'>identidem</span> <span class='ocrx_word' id='word_1_223' title='bbox 726 3155 787 3213; x_wconf 90' lang='lat' dir='ltr'>est.</span> <span class='ocrx_word' id='word_1_224' title='bbox 805 3146 934 3212; x_wconf 89' lang='lat' dir='ltr'>Etenim</span> <span class='ocrx_word' id='word_1_225' title='bbox 950 3144 1036 3211; x_wconf 89' lang='lat' dir='ltr'>haud</span> <span class='ocrx_word' id='word_1_226' title='bbox 1054 3167 1134 3232; x_wconf 84' lang='lat' dir='ltr'>pau-</span> 
     </span>
    </p>

    <p class='ocr_par' dir='ltr' id='par_1_8' title="bbox 96 3251 1136 3758">
     <span class='ocr_line' id='line_1_37' title="bbox 122 3251 1132 3341; baseline -0.004 -21"><span class='ocrx_word' id='word_1_227' title='bbox 122 3255 324 3341; x_wconf 87' lang='lat' dir='ltr'>dogmaticae</span> <span class='ocrx_word' id='word_1_228' title='bbox 340 3252 555 3319; x_wconf 85' lang='lat' dir='ltr'>-delinitiones</span> <span class='ocrx_word' id='word_1_229' title='bbox 584 3254 651 3320; x_wconf 90' lang='lat' dir='ltr'>sive</span> <span class='ocrx_word' id='word_1_230' title='bbox 675 3276 693 3318; x_wconf 90' lang='lat' dir='ltr'>a</span> <span class='ocrx_word' id='word_1_231' title='bbox 716 3252 870 3319; x_wconf 85' lang='lat' dir='ltr'>Conciliis</span> <span class='ocrx_word' id='word_1_232' title='bbox 897 3251 1132 3330; x_wconf 87' lang='lat' dir='ltr'>oecumenicis,</span> 
     </span>
     <span class='ocr_line' id='line_1_38' title="bbox 96 3356 1136 3443; baseline -0.008 -16"><span class='ocrx_word' id='word_1_233' title='bbox 96 3385 109 3428; x_wconf 91' lang='lat' dir='ltr'>e</span> <span class='ocrx_word' id='word_1_234' title='bbox 128 3382 145 3424; x_wconf 88' lang='lat' dir='ltr'>a</span> <span class='ocrx_word' id='word_1_235' title='bbox 164 3359 304 3424; x_wconf 88' lang='lat' dir='ltr'>romanis</span> <span class='ocrx_word' id='word_1_236' title='bbox 320 3357 533 3422; x_wconf 85' lang='lat' dir='ltr'>Pontificibus</span> <span class='ocrx_word' id='word_1_237' title='bbox 550 3356 656 3423; x_wconf 88' lang='lat' dir='ltr'>aditae</span> <span class='ocrx_word' id='word_1_238' title='bbox 674 3368 760 3435; x_wconf 85' lang='lat' dir='ltr'>sunt,</span> <span class='ocrx_word' id='word_1_239' title='bbox 779 3379 863 3443; x_wconf 90' lang='lat' dir='ltr'>quae</span> <span class='ocrx_word' id='word_1_240' title='bbox 880 3378 929 3436; x_wconf 93' lang='lat' dir='ltr'>eo,</span> <span class='ocrx_word' id='word_1_241' title='bbox 947 3377 1047 3443; x_wconf 88' lang='lat' dir='ltr'>quem</span> <span class='ocrx_word' id='word_1_242' title='bbox 1065 3376 1136 3420; x_wconf 89' lang='lat' dir='ltr'>sen-</span> 
     </span>
     <span class='ocr_line' id='line_1_39' title="bbox 98 3449 1136 3551; baseline -0.005 -21"><span class='ocrx_word' id='word_1_243' title='bbox 98 3449 164 3531; x_wconf 82' lang='lat' dir='ltr'>tiae</span> <span class='ocrx_word' id='word_1_244' title='bbox 188 3463 286 3528; x_wconf 87' lang='lat' dir='ltr'>istius</span> <span class='ocrx_word' id='word_1_245' title='bbox 295 3464 423 3551; x_wconf 88' lang='lat' dir='ltr'>patroni</span> <span class='ocrx_word' id='word_1_246' title='bbox 443 3461 620 3549; x_wconf 90' lang='lat' dir='ltr'>postulant,</span> <span class='ocrx_word' id='word_1_247' title='bbox 645 3462 786 3527; x_wconf 87' lang='lat' dir='ltr'>evidenti</span> <span class='ocrx_word' id='word_1_248' title='bbox 800 3484 887 3527; x_wconf 79' lang='lat' dir='ltr'>nexu</span> <span class='ocrx_word' id='word_1_249' title='bbox 908 3460 1083 3525; x_wconf 89' lang='lat' dir='ltr'>destitutae</span> <span class='ocrx_word' id='word_1_250' title='bbox 1103 3481 1136 3525; x_wconf 85' lang='lat' dir='ltr'>e-</span> 
     </span>
     <span class='ocr_line' id='line_1_40' title="bbox 96 3561 1136 3656; baseline -0.007 -21"><span class='ocrx_word' id='word_1_251' title='bbox 96 3578 128 3649; x_wconf 80' lang='lat' dir='ltr'>it,</span> <span class='ocrx_word' id='word_1_252' title='bbox 146 3567 293 3654; x_wconf 89' lang='lat' dir='ltr'>adeoque</span> <span class='ocrx_word' id='word_1_253' title='bbox 311 3565 400 3633; x_wconf 91' lang='lat' dir='ltr'>illias</span> <span class='ocrx_word' id='word_1_254' title='bbox 414 3567 444 3634; x_wconf 85' lang='lat' dir='ltr'>vi</span> <span class='ocrx_word' id='word_1_255' title='bbox 463 3566 515 3634; x_wconf 90' lang='lat' dir='ltr'>edi</span> <span class='ocrx_word' id='word_1_256' title='bbox 532 3566 663 3632; x_wconf 85' lang='lat' dir='ltr'>minime</span> <span class='ocrx_word' id='word_1_257' title='bbox 676 3567 869 3656; x_wconf 89' lang='lat' dir='ltr'>potuissent,</span> <span class='ocrx_word' id='word_1_258' title='bbox 884 3564 972 3653; x_wconf 92' lang='lat' dir='ltr'>quod</span> <span class='ocrx_word' id='word_1_259' title='bbox 984 3561 1074 3630; x_wconf 82' lang='lat' dir='ltr'>nefas</span> <span class='ocrx_word' id='word_1_260' title='bbox 1086 3569 1136 3629; x_wconf 88' lang='lat' dir='ltr'>est</span> 
     </span>
     <span class='ocr_line' id='line_1_41' title="bbox 98 3671 217 3758; baseline -0.025 -19"><span class='ocrx_word' id='word_1_261' title='bbox 98 3683 135 3739; x_wconf 91' lang='lat' dir='ltr'>tu</span> <span class='ocrx_word' id='word_1_262' title='bbox 163 3671 217 3758; x_wconf 78' lang='lat'>(1).</span> 
     </span>
    </p>

    <p class='ocr_par' dir='ltr' id='par_1_9' title="bbox 96 3769 1138 3972">
     <span class='ocr_line' id='line_1_42' title="bbox 133 3769 1137 3859; baseline -0.007 -18"><span class='ocrx_word' id='word_1_263' title='bbox 133 3774 293 3842; x_wconf 88' lang='lat' dir='ltr'>Secundo:</span> <span class='ocrx_word' id='word_1_264' title='bbox 318 3774 406 3839; x_wconf 90' lang='lat' dir='ltr'>haud</span> <span class='ocrx_word' id='word_1_265' title='bbox 429 3796 542 3854; x_wconf 85' lang='lat' dir='ltr'>verum</span> <span class='ocrx_word' id='word_1_266' title='bbox 566 3798 637 3841; x_wconf 87' lang='lat' dir='ltr'>csse</span> <span class='ocrx_word' id='word_1_267' title='bbox 662 3775 838 3852; x_wconf 85' lang='lat' dir='ltr'>contendo,</span> <span class='ocrx_word' id='word_1_268' title='bbox 860 3795 965 3859; x_wconf 90' lang='lat' dir='ltr'>neque</span> <span class='ocrx_word' id='word_1_269' title='bbox 990 3769 1057 3836; x_wconf 87' lang='lat' dir='ltr'>ulla</span> <span class='ocrx_word' id='word_1_270' title='bbox 1081 3770 1137 3834; x_wconf 91' lang='lat' dir='ltr'>ad·</span> 
     </span>
     <span class='ocr_line' id='line_1_43' title="bbox 96 3878 1138 3972; baseline -0.006 -24"><span class='ocrx_word' id='word_1_271' title='bbox 96 3884 128 3950; x_wconf 81' lang='lat' dir='ltr'>ai</span> <span class='ocrx_word' id='word_1_272' title='bbox 154 3883 280 3949; x_wconf 87' lang='lat' dir='ltr'>ratione</span> <span class='ocrx_word' id='word_1_273' title='bbox 304 3904 398 3970; x_wconf 90' lang='lat' dir='ltr'>posse</span> <span class='ocrx_word' id='word_1_274' title='bbox 416 3884 620 3972; x_wconf 89' lang='lat' dir='ltr'>Scripturam</span> <span class='ocrx_word' id='word_1_275' title='bbox 638 3905 674 3949; x_wconf 91' lang='lat' dir='ltr'>aa</span> <span class='ocrx_word' id='word_1_276' title='bbox 703 3883 910 3948; x_wconf 88' lang='lat' dir='ltr'>traditionem</span> <span class='ocrx_word' id='word_1_277' title='bbox 929 3881 1001 3969; x_wconf 88' lang='lat' dir='ltr'>piae</span> <span class='ocrx_word' id='word_1_278' title='bbox 1025 3878 1138 3945; x_wconf 88' lang='lat' dir='ltr'>adver-</span> 
     </span>
    </p>
   </div>
   <div class='ocr_carea' id='block_1_6' title="bbox 96 4057 1137 4295">
    <p class='ocr_par' dir='ltr' id='par_1_10' title="bbox 96 4057 1137 4295">
     <span class='ocr_line' id='line_1_44' title="bbox 96 4057 1136 4129; baseline -0.011 -13"><span class='ocrx_word' id='word_1_279' title='bbox 96 4062 102 4116; x_wconf 97' lang='lat' dir='ltr'>l</span> <span class='ocrx_word' id='word_1_280' title='bbox 113 4069 118 4115; x_wconf 89' lang='lat' dir='ltr'>l</span> <span class='ocrx_word' id='word_1_281' title='bbox 129 4063 287 4114; x_wconf 81' lang='lat' dir='ltr'>Recolantur</span> <span class='ocrx_word' id='word_1_282' title='bbox 297 4065 409 4128; x_wconf 82' lang='lat' dir='ltr'>exempla</span> <span class='ocrx_word' id='word_1_283' title='bbox 419 4067 495 4129; x_wconf 89' lang='lat' dir='ltr'>paulo</span> <span class='ocrx_word' id='word_1_284' title='bbox 505 4072 564 4117; x_wconf 88' lang='lat' dir='ltr'>ante</span> <span class='ocrx_word' id='word_1_285' title='bbox 617 4066 740 4125; x_wconf 68' lang='lat' dir='ltr'>amaticis.</span> <span class='ocrx_word' id='word_1_286' title='bbox 760 4065 824 4113; x_wconf 83' lang='lat' dir='ltr'>Nam</span> <span class='ocrx_word' id='word_1_287' title='bbox 837 4063 998 4113; x_wconf 82' lang='lat' dir='ltr'>definitiones</span> <span class='ocrx_word' id='word_1_288' title='bbox 1011 4057 1136 4112; x_wconf 77' lang='lat' dir='ltr'>eiusmodi</span> 
     </span>
     <span class='ocr_line' id='line_1_45' title="bbox 96 4145 1137 4213; baseline -0.007 -15"><span class='ocrx_word' id='word_1_289' title='bbox 96 4147 264 4213; x_wconf 78' lang='lat' dir='ltr'>uota,quilrus</span> <span class='ocrx_word' id='word_1_290' title='bbox 275 4160 304 4195; x_wconf 88' lang='lat' dir='ltr'>ea</span> <span class='ocrx_word' id='word_1_291' title='bbox 314 4148 564 4213; x_wconf 84' lang='lat' dir='ltr'>addipossunt,quae</span> <span class='ocrx_word' id='word_1_292' title='bbox 617 4164 704 4201; x_wconf 89' lang='lat' dir='ltr'>omnes</span> <span class='ocrx_word' id='word_1_293' title='bbox 715 4150 859 4198; x_wconf 77' lang='lat' dir='ltr'>inaniuntur</span> <span class='ocrx_word' id='word_1_294' title='bbox 870 4145 1075 4209; x_wconf 81' lang='lat' dir='ltr'>raritati,daqua</span> <span class='ocrx_word' id='word_1_295' title='bbox 1084 4154 1137 4193; x_wconf 84' lang='lat' dir='ltr'>uon</span> 
     </span>
     <span class='ocr_line' id='line_1_46' title="bbox 97 4229 1051 4295; baseline -0.005 -12"><span class='ocrx_word' id='word_1_296' title='bbox 97 4233 208 4283; x_wconf 78' lang='lat' dir='ltr'>ultiones</span> <span class='ocrx_word' id='word_1_297' title='bbox 217 4230 377 4295; x_wconf 81' lang='lat' dir='ltr'>suppeditant</span> <span class='ocrx_word' id='word_1_298' title='bbox 389 4233 421 4284; x_wconf 92' lang='lat' dir='ltr'>de</span> <span class='ocrx_word' id='word_1_299' title='bbox 433 4234 506 4285; x_wconf 82' lang='lat' dir='ltr'>lactis</span> <span class='ocrx_word' id='word_1_300' title='bbox 517 4238 565 4287; x_wconf 90' lang='lat' dir='ltr'>da-</span> <span class='ocrx_word' id='word_1_301' title='bbox 618 4240 717 4286; x_wconf 87' lang='lat' dir='ltr'>eonstat</span> <span class='ocrx_word' id='word_1_302' title='bbox 729 4234 775 4285; x_wconf 87' lang='lat' dir='ltr'>nisi</span> <span class='ocrx_word' id='word_1_303' title='bbox 789 4234 942 4284; x_wconf 86' lang='lat' dir='ltr'>certitudine</span> <span class='ocrx_word' id='word_1_304' title='bbox 951 4229 1051 4283; x_wconf 84' lang='lat' dir='ltr'>morali.</span> 
     </span>
    </p>
   </div>
   <div class='ocr_carea' id='block_1_7' title="bbox 921 4319 964 4386">
    <p class='ocr_par' dir='ltr' id='par_1_11' title="bbox 921 4319 964 4386">
     <span class='ocr_line' id='line_1_47' title="bbox 921 4319 964 4386; baseline 0.047 -2"><span class='ocrx_word' id='word_1_305' title='bbox 921 4319 964 4386; x_wconf 82' lang='lat'>13</span> 
     </span>
    </p>
   </div>
   <div class='ocr_carea' id='block_1_8' title="bbox 1188 3786 1368 3980">
    <p class='ocr_par' dir='ltr' id='par_1_12' title="bbox 1188 3786 1368 3980">
     <span class='ocr_line' id='line_1_48' title="bbox 1188 3786 1368 3848; baseline -0.022 -10"><span class='ocrx_word' id='word_1_306' title='bbox 1188 3786 1320 3848; x_wconf 80' lang='lat' dir='ltr'>Scalptura</span> <span class='ocrx_word' id='word_1_307' title='bbox 1340 3790 1368 3834; x_wconf 89' lang='lat' dir='ltr'>ct</span> 
     </span>
     <span class='ocr_line' id='line_1_49' title="bbox 1189 3853 1368 3934; baseline -0.028 -24"><span class='ocrx_word' id='word_1_308' title='bbox 1189 3858 1293 3910; x_wconf 85' lang='lat' dir='ltr'>tradltlo</span> <span class='ocrx_word' id='word_1_309' title='bbox 1312 3853 1368 3934; x_wconf 72' lang='lat' dir='ltr'>plac</span> 
     </span>
     <span class='ocr_line' id='line_1_50' title="bbox 1210 3930 1350 3980; baseline -0.036 0"><span class='ocrx_word' id='word_1_310' title='bbox 1210 3930 1350 3980; x_wconf 75' lang='lat' dir='ltr'>sententiae</span> 
     </span>
    </p>
   </div>
   <div class='ocr_carea' id='block_1_9' title="bbox 0 0 1419 4904">
    <p class='ocr_par' dir='ltr' id='par_1_13' title="bbox 0 0 1419 4904">
     <span class='ocr_line' id='line_1_51' title="bbox 0 0 1419 4904; baseline 0 0"><span class='ocrx_word' id='word_1_311' title='bbox 0 0 1419 4904; x_wconf 95' lang='lat' dir='ltr'> </span> 
     </span>
    </p>
   </div>
  </div>
 </body>
</html>
