2828 4904
743 336 929 409 -230-

296 461 474 529 remedium
497 468 644 549 putatur,
665 481 763 546 quam
783 481 838 526 eos
864 465 1018 525 excutere
1039 464 1143 546 atque
1157 460 1317 555 excitare3
1336 463 1373 530 ita

297 566 337 632 ad
359 565 540 632 renovanda
564 565 695 654 pietatis
719 564 839 644 studia,
856 574 889 630 et
915 563 955 629 nd
970 563 1233 631 christianorum
1258 569 1375 648 animos,
1407 578 1412 615 ¹1

297 673 325 736 si
349 669 481 758 quidem
505 690 615 735 omnes
632 666 701 732 fere
717 669 823 755 gravis
836 668 891 734 ilie
918 676 1030 756 torpor
1045 675 1106 734 aut
1123 690 1274 747 somnus,
1294 692 1376 759 quen

296 775 456 851 dictitant,
475 773 680 861 pervasisset,
709 769 890 858 erigendos,
909 768 1098 859 praevalido
1113 771 1235 860 niagno
1250 774 1379 861 impulsu

297 898 380 962 opus
396 897 466 941 esse
482 874 635 942 cordatus
650 874 792 962 quisque
803 894 934 940 necesse
950 881 1001 939 est
1016 872 1178 940 fateatur.
1199 877 1305 963 Atqui
1318 877 1383 944 huie
1408 874 1414 923 1

298 980 411 1045 morbo
435 989 499 1046 tam
525 978 730 1069 periculoso,
749 987 814 1043 tarn
840 977 933 1065 longe
957 976 1087 1066 lateque
1116 989 1304 1068 pervagato
1325 981 1384 1048 nui-
1411 1024 1413 1035 ι

299 1084 366 1149 ium
382 1106 421 1150 eo
444 1085 667 1172 praesentius,
696 1082 783 1170 quod
812 1102 912 1171 supra
938 1083 1137 1164 memoravi,
1163 1084 1286 1152 afferri
1307 1107 1411 1174 poseat

299 1188 480 1256 remedium
501 1197 659 1277 putarem.
678 1190 750 1256 Non
762 1188 848 1253 enim
860 1188 1003 1253 extincta
1015 1197 1076 1267 est,
1089 1187 1150 1254 sed
1164 1186 1381 1259 adhucdnn'n
1407 1215 1413 1256 ι

299 1294 494 1383 populorum
508 1291 624 1359 animis
645 1293 734 1379 riget
746 1314 822 1379 arga
836 1293 1072 1359 sanctissimam
1090 1294 1158 1360 Dei
1172 1295 1323 1361 Matrem
1328 1294 1373 1383 pis

295 1404 357 1478 tas,
370 1419 454 1486 quae
466 1417 642 1485 numquam
664 1418 729 1463 non
755 1396 865 1462 habita
882 1404 932 1462 est
946 1397 997 1461 uti
1011 1404 1135 1463 tessera
1150 1419 1196 1464 ae
1215 1408 1316 1480 nota,
1330 1418 1374 1487 qu
1405 1424 1412 1465 i

225 1538 232 1555 ·
296 1502 451 1569 catholica
464 1502 610 1569 Ecclesia
622 1500 928 1567 fallacibusasectis
938 1500 1380 1591 certissimediguoscipenit

295 1615 394 1695 atque
407 1605 542 1674 secerni.
556 1606 640 1673 Mihi
652 1628 729 1672 vero
737 1605 1023 1694 persuasissimum
1035 1612 1096 1685 est,
1113 1607 1145 1671 si
1163 1604 1385 1695 Deiparaede,
1412 1646 1414 1650 ·

295 1733 355 1778 cus
367 1721 432 1777 tam
443 1711 612 1792 eximium,
620 1719 750 1799 tamque
764 1709 929 1796 singulare
940 1709 1107 1797 pontificio
1118 1710 1266 1778 decreto
1277 1731 1379 1778 assera·
1404 1720 1414 1782 i

295 1824 362 1895 tur,
387 1814 456 1881 iore
485 1824 523 1881 ut
536 1815 681 1881 omnium
705 1820 837 1902 pectora
856 1814 1140 1881 vehementissimo
1172 1815 1273 1882 illius
1292 1835 1380 1882 anon
1400 1843 1409 1900 e,

294 1918 510 1986 incendantur
525 1927 623 2006 atque
639 1918 893 1999 inflammentur,
922 1939 1025 2005 eaque
1052 1937 1194 1985 morum
1229 1921 1378 1988 conversis
1406 1954 1411 1981 i

222 2056 225 2061 >
248 2041 254 2052 ·
297 2024 341 2090 sit
363 2033 590 2102 consecutura,
614 2046 713 2111 quam
729 2045 899 2110 germanae
914 2024 948 2089 in
967 2023 1147 2111 Deiparam
1165 2024 1378 2092 observantias
1400 2056 1414 2096 a

89 3196 239 3250 Sollicitudo

62 3265 239 3334 piuriumflpi-

61 3351 196 3402 scopornm
263 3376 266 3380 ·

56 4087 62 4096 ,
74 4034 217 4098 iistigioso«

73 4121 131 4158 ruia
141 4106 217 4157 Ordi-

66 4229 72 4236 ,
116 4191 178 4228 num

294 2128 440 2198 iructum
465 2150 536 2207 esse
564 2131 784 2197 certissimum
804 2131 951 2217 magistri
979 2130 1110 2218 pietatis
1143 2132 1306 2198 unanimi
1325 2148 1375 2197 aar
1401 2157 1409 2201 a

295 2256 393 2303 sensu
416 2235 566 2315 tradunt,
591 2235 799 2322 superiorum
822 2241 966 2301 aetatum
980 2232 1130 2322 exempla
1149 2235 1371 2316 testantur,io

294 2341 414 2430 dieque
435 2341 636 2430 experientia
659 2338 837 2406 coniirmat.
862 2339 945 2420 Quis
967 2359 1064 2427 porro
1094 2336 1302 2422 dubitabit,
1315 2337 1363 2427 pri

295 2447 454 2531 eiusmodi
489 2444 635 2513 definitio
665 2465 740 2511 cum
773 2452 863 2510 tanto
900 2442 1159 2510 christianorum
1196 2445 1367 2536 poqu

298 2554 468 2619 coniuncta
485 2552 700 2618 emolumento
717 2552 770 2639 pia
793 2550 833 2615 ad
851 2571 884 2616 se
898 2570 1065 2616 sacrorum
1081 2549 1296 2630 antistitum,
1314 2547 1372 2639 pria

294 2658 469 2745 cipumqne
493 2657 727 2723 catholicorum
749 2655 858 2721 studia
882 2655 925 2719 sit
937 2649 1167 2721 conversura?
1184 2657 1371 2743 Quamquam
1409 2724 1412 2729 .

293 2762 397 2850 igitur
423 2760 619 2829 adversariis
635 2760 767 2839 darem,
783 2761 954 2825 minimum
980 2758 1172 2825 christianis
1202 2775 1373 2828 euroeam

294 2873 332 2932 ut
348 2865 576 2932 immaculatus
599 2866 660 2931 Dei
684 2864 801 2933 Matris
825 2863 1007 2952 Conceptus
1028 2862 1223 2949 dogmatico
1247 2865 1372 2930 firmetur

293 2969 442 3049 decreto,
460 2971 651 3059 neutiquam
670 2969 832 3035 efficorent
851 2975 988 3034 aemtem
1004 2967 1085 3033 hane
1102 2976 1260 3035 nostram
1279 2984 1372 3057 parm
1411 3023 1414 3030 .

293 3075 454 3142 essehuio
471 3072 670 3140 dirimendae
696 3073 935 3140 controversiae
958 3082 1191 3162 opportunam.
1397 3068 1404 3089 ⁴

381 3180 504 3245 Verum
521 3200 584 3245 non
607 3179 652 3244 ita
681 3199 714 3244 sa
737 3198 790 3243 res
817 3177 925 3257 habet,
954 3185 993 3243 ut
1015 3175 1223 3244 adversariis
1242 3172 1371 3266 argutari

291 3283 407 3374 piacet.
427 3286 510 3365 Quis
526 3286 612 3350 enim
627 3285 766 3371 ignorat,
791 3302 959 3347 sacrorum
975 3281 1139 3347 antistites
1155 3302 1202 3347 ex
1222 3282 1303 3375 orbe
1318 3279 1371 3346 iera

291 3389 445 3457 universo
480 3389 642 3477 supplices
671 3387 799 3452 libellos
825 3385 1021 3474 apostolicae
1041 3383 1117 3452 Sedi
1146 3384 1370 3464 obtulissent

288 3492 403 3558 iiceret
429 3514 467 3560 ea
490 3494 589 3559 verba
610 3513 772 3579 usurpare
799 3491 833 3556 in
860 3492 982 3558 Missae
1005 3486 1226 3579 praefatione:
1243 3492 1370 3565 Eiteia

291 3594 494 3687 conceptione
528 3599 755 3675 immaculato,
780 3593 959 3662 lauretanis
981 3615 1060 3661 vero
1085 3612 1172 3681 quas
1207 3594 1324 3663 dicunt
1343 3590 1370 3655 ii·

288 3703 386 3769 taniis
397 3725 436 3769 ea
447 3705 545 3770 verba
558 3724 731 3791 apponere:
748 3703 869 3787 Regma
880 3707 944 3767 sine
961 3700 1029 3766 lade
1044 3703 1205 3783 originali
1219 3712 1363 3788 concepta

286 3824 465 3895 eorumque
489 3809 671 3873 antistitum
698 3827 871 3871 numerum
897 3805 930 3868 in
958 3802 1028 3868 dies
1056 3802 1255 3871 adhucdum
1285 3801 1360 3886 magii

289 3907 426 3998 augeri?
454 3911 564 3979 Nihilo
589 3934 666 3979 vcro
689 3911 881 3988 remissius,
906 3918 965 3974 aut
991 3909 1088 3974 etiam
1116 3907 1266 3977 fortasse
1293 3906 1363 3978 veie

288 4011 430 4081 mentius
453 4015 596 4103 idipsum
622 4017 830 4103 postularunt
856 4012 1002 4100 religiosi
1028 4009 1172 4087 Ordines
1205 4035 1285 4080 saue
1312 4010 1365 4100 pin·

289 4121 364 4187 rimi
386 4117 440 4208 (ηε
465 4119 608 4209 idipsum
631 4143 693 4186 nou
717 4120 814 4208 pauci
831 4117 1050 4206 efflagitarunt
1076 4136 1176 4202 reges
1205 4141 1246 4186 ac
1266 4112 1366 4207 princi·

334 4272 369 4344 (1)
385 4276 436 4330 adi
455 4277 594 4346 Appendic.
