2828 4904
299 449 416 536 luctui,
430 472 451 515 u
474 449 585 537 quibus
605 461 676 515 orto
695 461 737 514 est
756 452 877 538 lampas
894 457 978 515 circo
994 471 1089 536 quum
1105 473 1236 514 unacurt
1251 473 1370 542 uncam

299 548 477 620 'rrsrrcrun
502 560 654 621 ceruimus
677 555 736 639 (l).
760 557 851 634 Quae
874 556 1005 642 quidem
1026 555 1093 620 duo
1109 564 1275 642 postrema
1297 559 1374 621 testi-

285 662 402 726 ·mouia
425 661 604 726 decretoria
626 660 719 747 plane
745 669 831 738 sunt,
855 682 959 747 eoque
982 661 1086 747 pluris
1108 660 1274 741 facienda,
1297 661 1373 748 quod

258 766 263 775 '
298 767 481 832 luculenter
500 768 541 832 iis
560 767 735 832 deliniatur
758 788 870 832 verum
893 765 967 832 lesti
991 767 1168 854 virgineae
1196 767 1376 854 Conceptio

296 872 347 936 nis
369 871 543 951 obiectum,
567 873 654 958 quod
677 872 800 936 scilicet
823 869 942 935 lustum
965 872 1050 936 idem
1071 893 1097 936 s.
1120 870 1252 937 Sabbas
1274 872 1309 936 in
1329 893 1380 937 suo

299 977 436 1064 Peplos,
465 997 523 1040 seu
556 975 672 1040 Ordine
694 976 850 1040 recitandi
878 976 1027 1060 officium,
1051 984 1089 1039 ut
1113 997 1176 1040 suo
1210 975 1286 1041 loco
1310 975 1381 1041 ridi-

264 1160 267 1172 Ι
295 1100 368 1146 mus
386 1077 440 1167 (2),
457 1080 542 1145 iuter
556 1088 663 1144 cetera
686 1077 787 1144 refert
810 1100 869 1143 sua
885 1079 948 1144 iarn
965 1087 1069 1145 aetate
1092 1088 1242 1166 recepta.
1264 1079 1380 1146 Exinde

295 1185 382 1250 enim
404 1185 508 1271 liquet
530 1184 766 1249 immunitatem
789 1185 969 1249 Marianam
992 1184 1032 1249 ab
1067 1184 1227 1271 originali
1254 1183 1329 1250 labe
1351 1207 1382 1251 eo

295 1287 399 1354 luisse
429 1288 633 1354 celebratam.
665 1289 748 1354 Cum
778 1310 876 1374 porro
890 1288 944 1353 bic
974 1290 1083 1354 cultus
1105 1310 1149 1354 ex
1181 1287 1377 1355 Graecisrl

295 1385 393 1460 Italos
420 1392 595 1478 migrarit,
628 1413 666 1457 ac
695 1391 845 1478 deinceps
881 1414 939 1479 per
977 1394 1161 1458 universam
1201 1392 1374 1460 Occidentis

247 1539 250 1546 ·
294 1495 474 1564 Ecclesiam
503 1506 695 1584 peragratas
712 1498 766 1575 sit,
783 1506 907 1562 constat
921 1518 983 1562 non
1012 1496 1101 1562 aliud
1125 1519 1285 1585 unquam
1308 1497 1380 1565 obie-

276 1600 385 1668 'ctum
416 1599 517 1665 festae
547 1598 647 1667 huius
676 1601 823 1666 extitisse
850 1600 1087 1668 celebrationis.

76 1744 116 1795 Ex
131 1743 241 1809 Efflffio
379 1702 442 1768 Sed
451 1712 487 1768 nt
499 1701 628 1768 adalios
640 1703 897 1789 progrediamur,
908 1702 1381 1795 Esycbiusbierosolymitanas

74 1814 240 1881 hierosotym.
292 1807 415 1896 pariter
442 1808 597 1873 ecclesiae
617 1806 786 1896 presbyter
802 1829 853 1872 an.
878 1806 941 1874 595
964 1808 995 1872 in
1018 1808 1102 1872 bom.
1124 1807 1157 1873 2.
1193 1811 1235 1875 ds
1266 1812 1380 1897 Virpms

292 1912 401 1978 Murio
424 1910 566 1978 scribere
592 1909 632 1976 de
664 1931 702 1977 ea
732 1933 794 1975 non
816 1911 995 1976 dubitavitz-
1012 1913 1089 1977 Ecce
1118 1917 1217 1998 oirqo
1245 1919 1283 1979 in
1301 1928 1377 1981 utero

292 2017 442 2100 concipiet
455 2060 462 2076 .
474 2059 482 2076 .
493 2059 521 2076 ..
549 2010 738 2088 Quaeram?
763 2014 933 2079 Mulierum
956 2019 1125 2098 epreqiu,e
1147 2017 1331 2101 oirqiuidus
1350 2038 1373 2080 s-

291 2117 384 2194 licto,
406 2116 612 2203 praeclarum
633 2129 770 2182 noturus
798 2129 922 2182 nostrus
938 2127 1170 2196 oruamentum,
1200 2120 1371 2204 ploriuluts'
1404 2174 1408 2221 Ι

290 2225 403 2298 uestri,
414 2242 493 2307 quoe
505 2220 608 2286 Eoum
615 2221 750 2307 pudore,
762 2233 791 2285 et
802 2220 957 2286 Aduruum
969 2225 1213 2287 commiuatione
1226 2224 1364 2300 liberari,
1397 2272 1404 2306 ι

291 2347 461 2388 suescunt
476 2347 636 2388 naucerus
651 2323 796 2389 abscidit:
807 2347 902 2411 quum
915 2329 1184 2412 concupiscentius
1200 2327 1358 2410 scimusne
1398 2354 1408 2393 s

290 2436 412 2515 adipis,
435 2451 532 2516 oeque
555 2435 667 2496 usrmis
693 2432 864 2517 uoluptatis
892 2453 960 2496 eom
982 2432 1071 2496 lussit
1098 2425 1357 2517 latonam
1398 2437 1408 2479 ’1

290 2533 372 2623 quid
398 2532 489 2599 aliud
520 2534 673 2612 innuunt,
702 2555 799 2621 quam
832 2533 942 2600 fomite
971 2557 1012 2600 ex
1042 2534 1246 2621 primigenia
1280 2542 1361 2603 conta
1401 2521 1408 2648 ’ἲ

289 2639 384 2725 gione
414 2637 560 2703 derivato
586 2637 731 2702 carnisse
758 2639 908 2717 Mariam,
936 2659 975 2704 eo
994 2638 1081 2725 quod
1104 2637 1145 2703 ab
1167 2639 1229 2706 illa
1255 2641 1363 2708 omnint
1399 2698 1408 2731 ‚

288 2740 354 2823 fuit
384 2749 542 2828 exempta,
559 2742 639 2806 adeo
651 2751 689 2806 ut
711 2740 785 2807 inde
813 2763 926 2808 revera
943 2743 1099 2810 Draconis
1114 2745 1361 2813 ouduemmem·
1392 2780 1408 2819 a

290 2842 438 2910 triosritd
978 2823 984 2838 ⁵
1258 2834 1265 2847 ’
1392 2830 1408 2918 fr

68 2976 122 3026 Es.
133 2973 235 3024 Anares
278 2975 298 3004 υ
377 2947 440 3013 Sed
470 2947 520 3011 uti
549 2947 643 3012 modo
678 2969 702 3014 s.
732 2947 890 3026 Sabbam,
913 2949 958 3013 ita
974 2950 1071 3014 etiam
1094 2948 1215 3016 audire
1233 2958 1359 3040 praestat
1390 2940 1408 3027 ἑ

92 3046 202 3097 ⁰¹⁰²⁰¹¹³i
287 3070 313 3115 s.
337 3048 500 3116 Andream
522 3060 716 3128 cretensem,
736 3051 794 3137 qui
822 3059 855 3115 et
882 3052 951 3138 ipse
981 3051 1203 3119 celebritatem
1229 3054 1357 3121 eiusden
1395 3104 1398 3109 .

287 3152 434 3240 Virginei
455 3154 635 3241 Conceptus
652 3162 829 3232 memorat,
854 3163 885 3219 et
910 3156 1014 3242 ipsius
1038 3155 1203 3222 obiectum
1229 3170 1309 3226 nova
1322 3158 1358 3222 lu·

287 3280 324 3324 ce
348 3258 523 3345 adspergit.
554 3261 701 3345 Namque
723 3260 751 3325 is
775 3260 807 3324 iu
831 3261 985 3326 Eucomio
1014 3282 1039 3324 s.
1070 3261 1176 3326 Zouae
1200 3263 1242 3328 B.
1267 3261 1357 3348 virgi·

286 3384 359 3428 nem
381 3371 473 3427 vocat
497 3386 582 3426 ouur
607 3388 750 3426 neccaro
774 3388 815 3427 ΕΤ
837 3389 934 3428 sonna
956 3365 1164 3431 sublimiorem
1182 3364 1234 3449 (d)
1244 3390 1260 3444 ,·
1284 3367 1355 3434 etia
1405 3376 1408 3427 i

287 3470 376 3536 Orat.
397 3468 411 3531 l
434 3466 479 3531 De
504 3467 631 3534 Naum:
649 3468 763 3547 Hodie,
783 3469 911 3556 inquit,
939 3468 1099 3535 Creatoris
1120 3479 1269 3540 ommium
1289 3493 1359 3540 erm·
1399 3466 1408 3534 ⁴.

286 3582 353 3637 tum
369 3570 531 3636 delubrum
547 3570 782 3659 exaedificatum
796 3572 857 3655 suit
870 3593 885 3645 ;
906 3593 925 3636 a
946 3583 1094 3637 creature
1111 3573 1260 3643 diuinum
1280 3573 1357 3641 Creu·
1392 3584 1408 3663 ᾗ,

283 3681 350 3741 tori
381 3696 464 3740 uoco
492 3672 666 3761 decentique
696 3679 817 3740 ratione
840 3676 1060 3769 proeparatur
1089 3675 1354 3764 hospitium
1397 3705 1408 3745 u

284 3780 385 3846 Hodie
411 3801 450 3844 se
471 3778 570 3853 uobis,
588 3784 690 3844 uestri
714 3781 796 3856 loce,
818 3779 956 3847 Adoreus
976 3784 1136 3868 primitius
1154 3782 1225 3849 Deo
1244 3789 1352 3876 offeres
1398 3792 1408 3908 ἒ

321 3974 355 4040 (o
371 3978 475 4029 russam.
891 3968 925 4041 (4)
939 3967 973 4028 m
993 3973 1122 4028 nuruis.
1147 3975 1231 4033 aas.
1256 3976 1353 4032 ru·
1398 3958 1408 4037 ,²

320 4056 354 4125 (2)
367 4065 436 4113 Part.
450 4065 461 4112 Ι
473 4075 528 4124 cap.
539 4061 587 4110 xn
603 4074 658 4124 pag.
670 4056 712 4111 69.
855 4061 973 4110 tomxli
984 4076 1038 4123 pag.
1047 4057 1098 4115 997
1108 4055 1187 4114 col-2.
1198 4066 1229 4115 ln
1241 4062 1354 4130 quodffl·

317 4137 353 4204 (3)
371 4138 498 4194 Bibliotb.
521 4139 599 4193 l’otr.
622 4141 715 4195 Graec.
735 4139 797 4196 Las.
851 4145 961 4191 comtum
985 4143 1018 4194 cl.
1040 4146 1163 4198 admonit.
1190 4149 1353 4213 praerump-

284 4221 364 4274 Paris.
373 4216 442 4274 1624
455 4220 516 4276 tom.
525 4226 549 4274 ΙΙ
562 4240 619 4290 pag.
630 4219 692 4277 423.
851 4225 1004 4277 Combetisii.
1295 4224 1297 4229 ’
