2774 4906
35 456 153 520 tionem
166 455 305 520 LXXIII
318 454 388 519 Baii
401 477 484 542 quae
496 456 541 543 ita
554 480 587 522 se
601 459 705 523 habet:
720 457 812 521 Nemo
823 471 948 544 praeter
958 458 1113 526 Christum

36 572 77 624 est
99 560 213 644 absque
230 570 359 647 peccato
380 548 544 644 eripiant&
568 562 638 627 diue
660 564 700 625 B.
734 561 822 645 Virqo
839 576 963 627 mortua
983 577 1026 629 eet
1036 588 1113 652 pro-

39 677 104 748 pter
122 674 289 748 peceatum
310 684 349 728 ea
370 663 471 728 dmm
495 678 701 741 contractem,
723 688 881 752 omnesque
896 672 961 732 eiua
976 669 1115 751 afflictio·

42 789 89 832 ees
103 772 138 830 e'n
158 766 217 830 dec
239 771 318 843 etia,
339 771 419 832 sieut
441 778 469 831 et
491 769 627 833 eliorum
649 775 812 846 iustorum,
831 769 960 851 fuerunt
981 772 1114 836 ultiones

43 873 158 956 peccati
179 869 315 933 actualis
337 871 386 932 oel
407 872 579 953 oriqe'nale'e.

127 972 242 1066 Neque
264 970 368 1057 pluris
384 969 565 1036 faciendum
589 980 634 1036 est
652 981 874 1058 argumentum
896 973 982 1059 quod
1001 996 1042 1039 ex
1065 996 1114 1041 re·

48 1073 232 1160 demptionis
255 1074 443 1139 necessitate
465 1076 599 1161 petitur.
622 1078 663 1142 Ut
686 1076 771 1140 enim
790 1079 825 1141 B.
843 1078 943 1162 Virgo
963 1086 1115 1164 tanquam

48 1177 269 1265 redemptionis
286 1176 394 1262 indiga
410 1179 511 1243 asseri
535 1187 646 1264 queat,
670 1179 752 1243 illud
767 1201 868 1244 unum
892 1180 968 1244 satis
991 1189 1054 1258 est,
1079 1186 1116 1245 ut

49 1282 110 1367 ipse
146 1281 353 1346 contrahendi
377 1282 499 1367 peccati
522 1281 629 1346 debito
652 1305 692 1347 ex
716 1304 793 1347 suae
828 1285 1044 1369 conceptionis
1066 1305 1118 1350 re·

50 1387 125 1450 tione
143 1383 299 1449 obstricta
316 1383 426 1449 luerit.
445 1386 581 1450 Perinde
602 1394 710 1450 autem
726 1395 784 1465 est,
802 1387 841 1451 ad
862 1396 1010 1453 naturam
1029 1387 1116 1475 quod

51 1495 164 1575 spectat
186 1487 425 1575 redemptionis,
451 1489 478 1552 si
502 1488 575 1575 quis
599 1512 616 1553 a
640 1490 824 1576 captivitate
848 1490 1016 1571 liberetur,
1034 1492 1116 1557 acsi

54 1591 220 1661 theadem
254 1601 490 1678 praeservetur.
526 1594 671 1680 Namque
701 1594 778 1659 haec
804 1617 866 1659 nou
889 1604 1032 1682 spectant
1056 1596 1119 1661 nisi

56 1698 165 1760 nodam
187 1717 255 1781 quo
271 1695 345 1780 quis
369 1717 387 1760 a
410 1697 595 1781 captivitate
616 1698 766 1783 eripitur.
790 1698 893 1763 Cuius
917 1699 1047 1785 quidem
1072 1699 1121 1765 roi

54 1795 209 1861 luculenta
240 1795 400 1861 habentur
421 1797 455 1860 in
479 1796 593 1861 Bibliis
626 1799 815 1862 testimonia.
841 1800 889 1862 Ita
912 1800 997 1864 enim
1019 1798 1123 1865 David

55 1899 97 1963 Ps.
118 1896 197 1979 143,
224 1896 267 1965 10
290 1898 328 1963 de
353 1921 386 1962 se
410 1900 551 1986 scripsit:
575 1901 740 1966 Redeme'ste'
760 1902 866 1966 Dauid
886 1924 1008 1969 servem
1035 1916 1123 1969 team

63 2004 88 2067 lt
111 2004 219 2089 pledio
253 2004 388 2087 malique
422 2003 570 2068 videlicet
599 2003 748 2069 Goliath:
780 2014 811 2069 et
848 2006 995 2093 quamvis
1024 2006 1123 2074 huius

65 2104 169 2189 gindus
194 2128 371 2193 numquam
394 2107 498 2174 David
524 2108 679 2192 tetigerit,
703 2108 786 2173 dixit
812 2110 1021 2175 nihilominus
1040 2111 1125 2175 rede·

62 2214 149 2288 miti,
170 2210 252 2297 quia
275 2211 337 2273 nisi
361 2211 392 2274 ei
414 2211 504 2275 Deus
519 2206 692 2296 'suppetias
721 2213 870 2290 tulisset,
895 2221 982 2276 certe
1004 2210 1045 2275 ab
1068 2210 1123 2276 illo

59 2308 160 2379 nume
184 2313 426 2380 confodiendus.
445 2315 492 2378 lta
508 2320 541 2378 et
557 2315 678 2379 Paulus
701 2315 741 2379 ad
768 2315 836 2382 Gal.
863 2317 897 2394 3,
921 2314 963 2380 13
981 2313 1121 2401 scripsit:

1185 946 1300 996 Tertium
1311 961 1343 997 ex

1177 1018 1327 1068 necessitate

1185 1086 1333 1149 redemptio·

1237 1157 1285 1207 uis.

63 2412 189 2486 iltutus
213 2440 268 2483 aas
290 2419 415 2482 redemit
439 2419 473 2481 de
495 2420 656 2484 meledicto
680 2422 770 2504 lepis,
794 2419 855 2483 etsi
878 2419 935 2506 qui
958 2440 1000 2483 ex
1022 2417 1124 2484 ethni-
1214 2408 1217 2414 ’

63 2521 145 2601 demo
169 2521 390 2599 crediderunt,
414 2543 589 2608 numquam
615 2523 755 2587 mosaica
776 2524 844 2608 lege
865 2520 988 2587 luerint
1010 2521 1126 2587 obstri-

63 2627 105 2704 cti,
127 2635 229 2712 atque
252 2626 298 2690 ita
315 2646 412 2712 porro
436 2623 489 2711 (l).
507 2627 616 2704 Quare
633 2627 764 2714 propria
784 2627 922 2693 habetur
937 2624 1126 2713 redemptio,

77 2798 269 2869 (llousmptura
279 2804 325 2855 alia
333 2805 457 2856 eiusmodi
467 2819 558 2856 vocum
612 2808 635 2857 ri
654 2808 726 2857 ouius
744 2810 866 2872 quispiam
886 2823 900 2859 a
920 2809 985 2860 meio
1004 2808 1122 2858 eximitur

65 2887 185 2941 elmere
199 2903 229 2939 ac
248 2886 433 2955 redanpttom‘s
445 2889 558 2952 sappedt·
609 2892 677 2954 quod
692 2893 834 2942 incurrendi
853 2893 967 2943 debitum
980 2893 1064 2942 hebet.
1082 2891 1124 2942 Sic

66 2976 108 3023 tmt
120 2986 208 3024 neree
219 2973 317 3023 litterae
328 2974 442 3035 exempla
458 2987 489 3024 eo
501 2986 557 3024 sen·
610 2989 686 3037 porro
695 2977 720 3026 in
729 2970 756 3025 4.
765 2978 811 3025 tib.
828 2978 968 3028 sent.1ttst.
981 2971 1016 3028 43
1024 2981 1123 3040 quaest.

66 3070 88 3105 u
104 3072 181 3122 quem
197 3058 366 3120 exposuimus.
376 3058 443 3109 lintis
461 3060 559 3109 unIcut-
612 3055 638 3108 l.
648 3055 789 3111 anineti.
800 3062 840 3110 ed.
853 3062 980 3112 citltom.
990 3065 1050 3111 tom.
1066 3061 1123 3110 vlt.

51 3127 449 3208 ¹queen-itCoucordeettt'es,quas
459 3149 559 3209 vocant,
615 3145 660 3193 lot.
678 3138 739 3196 203.
752 3147 802 3195 cot.
819 3141 837 3194 4
858 3159 913 3195 rem
928 3145 992 3195 hono
1004 3145 1121 3196 aeolum

67 3224 198 3276 libitor'um
213 3227 357 3291 consulere,
376 3233 406 3276 ut
423 3229 455 3279 de
471 3242 562 3279 vocum
615 3226 726 3296 Oportet
739 3234 827 3308 autem
840 3242 949 3297 ponere,
961 3227 1033 3298 quod
1043 3224 1125 3296 quili-

68 3306 155 3359 iiarum
171 3308 195 3356 st
208 3315 284 3371 atque
297 3323 344 3357 usu
357 3311 450 3361 certi0r
460 3311 512 3360 liat.
525 3311 563 3360 Si·
617 3309 658 3362 det
668 3309 844 3378 personaliter·
863 3308 1044 3377 redemptione
1056 3306 1127 3360 indi·

69 3393 160 3454 qutdem
180 3395 373 3456 longumatque
393 3395 480 3446 inutile
499 3401 565 3446 esset
615 3393 844 3461 pedemontanam
854 3393 956 3446 ratione
967 3390 1127 3446 maroeli·

70 3478 154 3539 stigma
167 3478 224 3526 toea
237 3491 378 3527 recensere.
617 3477 707 3530 bereri
724 3475 1010 3542 culminacuncta
1020 3488 1126 3529 oestro

97 3564 159 3624 Qota
174 3575 236 3612 vero
247 3562 393 3628 adversarii,
403 3567 432 3611 ut
443 3563 566 3613 eiusmodi
618 3557 944 3629 absolutionemque
954 3559 1003 3630 qui
1013 3558 1129 3614 deditum

72 3647 172 3710 redetan
178 3649 262 3696 ionem
272 3648 415 3694 excludant.
426 3655 516 3708 urgent
525 3662 568 3696 au·
619 3647 743 3710 trecenti,
751 3645 792 3698 vel
802 3645 829 3696 ia
837 3643 937 3697 maletto
946 3642 1061 3697 deiectus
1068 3643 1130 3712 sitil-

73 3731 206 3778 cleritatem
225 3743 245 3776 s.
263 3728 387 3792 ‘ibernam
405 3731 449 3779 ebs
468 3743 496 3778 re
514 3744 565 3779 non
617 3729 741 3791 Acpeulo
763 3733 829 3791 post:
857 3723 933 3780 Unde
950 3723 1068 3784 dimissio
1086 3722 1132 3776 de-

76 3812 114 3860 erit
130 3814 156 3862 in
171 3811 284 3863 medium
304 3812 376 3861 verbe
394 3812 499 3874 angelici
513 3815 564 3862 Do
619 3810 732 3864 littore-m
751 3816 776 3863 et
802 3808 925 3862 liberatio
945 3821 964 3859 a
988 3804 1059 3860 malo
1081 3819 1133 3858 nott

77 3899 141 3948 eloris
157 3897 261 3962 efferre,
279 3899 369 3960 quibus
387 3899 568 3960 apertedupli-
617 3902 704 3965 potest
725 3894 843 3962 tntettiqt'
869 3891 942 3962 quoe
961 3890 1060 3960 aliquit
1076 3890 1134 3943 ane

79 3991 122 4030 on
133 3983 188 4044 ipse
200 3980 410 4045 redemptionem,
427 3995 473 4032 seu
486 3982 570 4044 pettus
623 3977 709 4031 dedito
718 3977 759 4028 ael
769 3974 993 4030 mmanuemeto
1001 3977 1133 4026 meatur.

79 4066 248 4130 redemptiones
265 4066 366 4114 modum
384 4067 568 4131 nostratuum
621 4066 717 4115 Exinde
736 4064 822 4114 Intulit
835 4065 942 4114 Ioannes
959 4075 976 4111 a
996 4073 1017 4109 s.
1029 4057 1135 4121 Thomu,

81 4153 166 4205 eiluet
183 4164 241 4202 eom
259 4163 308 4215 que
326 4152 407 4214 qaue
425 4153 491 4203 melo
503 4155 570 4216 quod
624 4167 644 4201 s.
656 4150 866 4201 Doctoremtuud
884 4146 1023 4219 eugereed
1037 4141 1137 4194 redem-

81 4237 152 4301 eeipm
168 4235 288 4298 mouerit,
299 4235 433 4303 liberetur,
445 4241 499 4287 tum
517 4251 572 4287 eam
626 4237 718 4298 ptionis
725 4235 866 4291 essentiam,
883 4231 980 4308 etquis
991 4230 1071 4292 reipsa
1084 4240 1137 4276 nu-

969 4312 989 4376 8
