2828 4904
759 380 803 396 ..
825 343 846 414 4
867 377 913 394 ..

385 467 488 551 lllud
510 468 634 557 unum
651 487 848 571 superesse
866 460 943 537 iarn
968 456 1150 556 videtur,
1172 476 1216 536 ut
1237 453 1288 535 de
1304 483 1370 535 ra·

302 583 410 665 tione
440 610 485 663 ac
505 578 595 677 via,
623 600 743 688 quam
776 570 874 652 mihi
905 567 1119 650 ineundam
1153 567 1368 670 constitui,

298 736 423 821 pauca
454 706 599 790 dicam.
618 701 847 805 ,Universae
866 697 998 814 itaque
1019 697 1361 780 commentationis

301 862 410 915 meae
426 831 524 915 duas
541 828 613 913 faci
621 857 683 910 am
698 844 1016 937 partes,quarum
1032 824 1071 904 in
1087 851 1179 924 una,
1194 852 1298 933 quae
1315 844 1368 905 to

302 981 340 1040 ta
361 958 434 1040 erit
452 957 824 1050 historico-critica,
848 948 1020 1059 primum
1043 948 1286 1058 compendio
1309 978 1367 1031 ac-

279 1103 474 1166 curatam
500 1078 789 1166 controversiae
821 1075 1079 1158 narrationem
1107 1073 1367 1186 complectar·;

296 1207 490 1290 deinvero
510 1203 560 1288 ad
577 1204 701 1289 varias
715 1199 837 1285 veluti
855 1197 971 1283 facies
988 1201 1026 1281 in
1046 1228 1144 1314 quas
1163 1229 1236 1311 pro
1253 1201 1367 1282 variis

299 1333 491 1417 aetatibus
511 1352 663 1415 mutata
685 1351 745 1412 est
766 1328 1020 1414 delineandas
1038 1327 1278 1439 progrediar:
1300 1327 1367 1412 de·

298 1486 410 1544 mum
425 1472 653 1571 argumenta
681 1473 901 1566 proponam
923 1451 1070 1567 quibus
1089 1454 1151 1567 pia
1179 1454 1367 1535 sententia

300 1579 364 1665 vel
378 1602 599 1696 oppugnata
614 1602 670 1663 est
686 1578 748 1662 vel
763 1568 931 1662 defensa.
949 1578 1057 1662 Haec
1076 1599 1210 1660 autem
1233 1576 1367 1693 quoad

300 1706 384 1790 elus
403 1704 489 1788 lieri
511 1706 654 1818 poterit
672 1705 725 1787 ita
747 1705 960 1820 proferam,
990 1708 1047 1791 uti
1068 1702 1119 1787 ab
1140 1703 1364 1787 auctoribus

297 1865 480 1955 quaeque
492 1837 572 1921 suis
586 1834 736 1953 prolata
749 1852 976 1950 sunt,atque
994 1833 1050 1914 uti
1068 1835 1107 1914 in
1121 1833 1201 1943 ipsa
1221 1832 1365 1914 oratio·

297 1963 358 2044 nis
371 1963 469 2047 serie
486 1963 627 2062 iacent,
647 1991 730 2081 quo
752 1955 822 2043 liet
840 1979 885 2044 ut
903 1958 1068 2045 lectores
1088 1957 1193 2043 facili
1210 1959 1365 2070 negotio

298 2115 524 2200 germanam
548 2089 785 2198 scriptorum
815 2105 990 2170 mentem
1019 2085 1173 2196 assequi
1195 2085 1361 2196 possint,

298 2235 418 2327 atque
433 2210 535 2299 illud
554 2215 675 2300 etiarn
695 2211 929 2326 intelligant,
950 2210 1047 2297 nihil
1067 2242 1086 2292 a
1109 2210 1223 2298 nobis
1241 2209 1357 2292 silen-

297 2343 359 2424 tio
372 2344 578 2453 'praeteriri
592 2364 659 2429 aut
675 2339 913 2428 dissimulari
929 2338 1039 2456 quod
1055 2367 1191 2422 causae
1212 2338 1362 2422 officere

299 2497 416 2580 posse
431 2469 629 2554 videatur.
650 2467 955 2583 Tandem‘quae
976 2470 1015 2551 in
1036 2466 1212 2552 medium
1233 2466 1363 2547 addu-

299 2595 463 2696 xero,ad
475 2598 664 2679 trutinam
679 2596 889 2697 revocabo,
900 2617 1019 2711 atque
1034 2594 1129 2679 inde
1144 2594 1194 2677 ad
1209 2591 1364 2677 conclu·

298 2723 455 2807 sionem
470 2725 693 2809 deveniam.
712 2724 840 2833 Quod
854 2727 909 2810 ad
927 2723 1090 2810 alteram
1109 2722 1253 2808 attinet
1276 2749 1363 2830 par·

298 2872 379 2933 tem
397 2848 847 2966 theologico-criticam,
867 2836 913 2932 iis
934 2853 974 2935 iu
997 2874 1237 2936 antecessum
1268 2879 1362 2931 con-

299 2975 448 3059 stitutis
468 3034 481 3074 ,
502 3007 603 3090 quae
624 2978 675 3061 ad
693 2975 897 3059 ferendam
926 2976 1193 3088 dogmaticam
1217 2971 1359 3058 delini·

302 3101 450 3186 tionem
470 3104 725 3216 requiruntur
757 3120 877 3214 atque
898 3102 1111 3202 sufficiunt,
1141 3099 1283 3183 sedulo
1303 3103 1360 3181 in·

301 3225 506 3338 vestigabo
527 3247 660 3312 utrum
688 3256 798 3347 quae*
814 3255 886 3341 pro
914 3227 1169 3315 immaculato
1194 3225 1359 3337 Virginis

301 3346 508 3460 Conceptu
522 3348 775 3458 proferuntur
795 3351 895 3433 adeo
915 3348 1039 3436 firmis
1061 3351 1183 3433 veluti
1219 3349 1360 3435 funda-

299 3479 441 3561 mentis
470 3477 672 3579 nitantur,
690 3500 735 3561 ut
754 3480 859 3563 inter
880 3479 974 3564 lidei
1004 3479 1189 3593 dogmata
1225 3479 1358 3589 ponti-

299 3598 393 3689 ficio
413 3602 573 3688 decreto
592 3604 660 3688 ille
692 3609 877 3691 constitui
902 3613 1040 3718 possit.
1062 3605 1108 3690 ld
1128 3627 1263 3693 autem
1285 3634 1358 3718 quo

298 3727 453 3838 planius
471 3726 539 3812 liat
557 3751 676 3849 atque
690 3732 900 3852 liquidius,
922 3736 962 3817 in
986 3733 1213 3819 subsidium
1234 3732 1358 3818 advo·

285 3853 401 3948 cabo
415 3852 650 3969 dogmatum
672 3857 886 3962 historiam,
907 3883 946 3944 et
961 3861 1154 3972 exemplis
1171 3891 1250 3943 non
1269 3889 1358 3970 pau·

303 3981 360 4065 cis
377 3981 417 4063 in
431 3980 614 4068 medium
630 3982 756 4066 allatis
772 4015 817 4068 ac
832 3986 1042 4098 diligenter
1063 3987 1256 4096 expensis,
1276 4014 1362 4096 pro·

302 4133 355 4187 uo
374 4108 496 4194 veluti
511 4109 623 4198 alveo
644 4112 803 4198 tandem
824 4114 1024 4200 conclusio
1041 4114 1150 4219 fluet,
1166 4144 1289 4228 quam
1310 4114 1365 4197 le-
