2828 4904
301 437 341 502 ad
354 437 489 523 agitatae
505 439 737 504 controversiae
753 433 1262 524 definitionemprogrederentur,
1271 452 1302 523 p'.
1322 437 1366 501 lo·-

301 546 375 609 anni
398 567 416 609 a
430 547 670 609 Turrecremata
682 543 762 610 ‘viro
777 541 960 608 doctissimo
976 543 1009 606 in
1025 542 1181 606 mandatis
1198 541 1364 620 dederunt,

300 655 337 710 ut
364 647 542 740 testimonia
564 668 603 711 en
627 646 767 732 antiquis
796 646 983 731 auctoribus
1011 646 1044 710 in
1064 667 1165 710 unum
1192 646 1365 730 colligeret,

299 760 381 836 quae
395 752 580 817 viderentur
595 750 775 817 adversanti
789 750 895 816 favere
911 753 1092 816 sententiae.
1111 749 1205 829 Quod
1216 752 1286 837 ipse
1296 771 1359 813 ma·

300 874 360 937 gna
376 852 544 918 sedulitate
554 854 715 939 praestitit
724 855 757 917 in
769 855 874 919 varias
885 853 1001 918 classes
1013 854 1212 939 distinguens
1224 853 1362 917 auctori·
1403 899 1406 902 -

298 963 379 1020 tates
395 979 413 1021 a
431 978 464 1021 se
480 964 644 1041 congestas
661 957 694 1019 in
710 978 816 1043 opere,
835 957 889 1021 cui
911 956 1044 1020 titulum
1070 955 1148 1020 lecit
1173 957 1219 1019 De
1235 960 1362 1022 veritate

302 1058 510 1149 Conceptioue's
527 1057 580 1148 (l).
610 1059 771 1146 Scriptum
798 1060 891 1126 istud¹
912 1060 953 1125 ob
980 1061 1121 1127 diversos
1149 1060 1311 1125 tumultus
1334 1060 1364 1122 ia

297 1166 442 1232 Concilio
457 1166 612 1230 excitatos
627 1182 800 1251 numquam
818 1164 942 1252 Synodo
957 1165 1099 1230 oblatum
1115 1164 1187 1230 luit.
1214 1166 1298 1231 Cum
1313 1185 1367 1251 per

117 1258 252 1374 „mim
301 1265 466 1331 biennium
482 1287 584 1352 eoque
608 1265 744 1352 amplius
761 1287 812 1329 res
830 1266 973 1330 discussa
999 1276 1093 1346 esset,
1110 1268 1238 1332 demum
1261 1264 1371 1330 basile

77 1392 173 1443 concil.
188 1393 252 1446 qma.
296 1393 394 1436 enses
409 1379 527 1457 patres,
544 1370 690 1456 praeside
719 1369 880 1434 Cardinali
897 1370 1077 1450 arelatensi,
1094 1378 1126 1435 et
1143 1377 1257 1457 agente
1284 1371 1369 1434 loan-

77 1463 176 1516 ¹⁰⁰¹¹³l⁸'
303 1498 342 1540 ne
365 1475 533 1560 aSegovia
550 1496 631 1540 anno
654 1471 752 1552 1439,
764 1495 847 1539 sess.
876 1476 1017 1541 XXXVI
1041 1477 1204 1540 decretum
1228 1475 1370 1540 tulerunt

298 1579 396 1643 cuius
420 1577 542 1663 ‘duplex
568 1576 633 1642 fuit
648 1577 818 1642 obiectum.
847 1579 1004 1643 Videlicet
1030 1579 1195 1644 definitum
1219 1601 1259 1644 eo
1282 1580 1368 1667 prins

301 1688 349 1745 est
365 1680 541 1744 doctrinam
549 1680 593 1743 de
609 1680 811 1744 immaculato
822 1681 966 1766 Virginis
980 1682 1143 1768 Conceptu
1150 1687 1241 1768 piam
1253 1689 1370 1760 esse‚et

302 1781 342 1845 ab
369 1781 516 1845 omnibus
543 1780 708 1849 catholicis
732 1781 908 1861 tenendam,
926 1791 994 1846 tum
1022 1781 1126 1846 cultui
1153 1783 1368 1847 ecclesiastico

302 1883 626 1971 fideiquecatholicac
640 1903 709 1949 esse
721 1905 903 1962 *consonam
913 1885 1133 1972 indictumque
1147 1891 1196 1948 est
1212 1884 1369 1949 silentiam

127 2035 131 2045 .
215 2041 222 2067 4
301 1987 451 2053 adversae
480 1988 580 2073 partis
608 1985 791 2051 fautoribus
820 1988 872 2074 (2).
901 1986 1023 2052 Deinde
1049 2009 1125 2054 vero
1152 1987 1368 2053 confirmatum

303 2098 352 2154 est
368 2089 486 2164 festum
509 2090 568 2155 sub
586 2090 808 2176 Conceptionis
835 2092 960 2155 nomine
987 2091 1140 2155 hactenus
1165 2090 1365 2165 celebratum,

201 2249 204 2256 .
302 2203 401 2281 atque
417 2196 624 2281 inposterum
641 2194 701 2259 sub
718 2195 827 2260 codem
844 2196 938 2261 tltulo
951 2195 990 2260 ab
1003 2195 1151 2261 omnibus
1167 2196 1361 2261 ecclesiisce

308 2296 495 2371 lebrandum
508 2293 561 2384 (3)

304 2484 381 2536 ppera
393 2475 418 2519 et
430 2471 514 2521 studio
526 2471 596 2520 Petri
606 2471 642 2521 De
652 2468 716 2521 Alsa
736 2472 815 2522 collo·
867 2475 985 2540 clamque
998 2481 1023 2522 ec
1031 2469 1241 2536 immaculatam
1251 2474 1369 2540 tanquan

307 2559 359 2602 ets.
369 2555 429 2604 vol.
441 2555 466 2604 in
476 2555 522 2604 sol.
533 2556 658 2605 Bruxellis
668 2550 746 2605 1664.
866 2555 939 2623 piam
948 2558 971 2607 sl
981 2568 1119 2607 conmnam
1129 2552 1216 2607 cultui
1224 2554 1369 2608 ecclesiasti·

309 2673 312 2679 .
347 2635 381 2703 (1)
400 2638 458 2688 Hoc
470 2652 533 2701 opus
546 2641 648 2690 demum
660 2641 752 2703 prodiit
765 2642 817 2690 Ro·
870 2654 909 2709 ca,
918 2637 984 2707 fidei
999 2638 1154 2708 catholicae,
1171 2645 1266 2693 rectae
1283 2637 1371 2694 rationi

308 2720 816 2784 mseperintonsumnunaumanasll.
872 2729 896 2777 et
914 2737 1004 2776 sacrae
1022 2721 1188 2791 Scripturas,
1207 2723 1242 2776 ad
1262 2723 1369 2778 omnibu

348 2802 382 2874 (2)
404 2807 532 2859 Eiusmodi
551 2815 610 2860 sunt
628 2811 704 2861 verba
714 2811 816 2861 concilii
869 2807 1006 2861 catholicis
1028 2807 1229 2877 approbandam
1254 2811 1326 2878 sors,
1341 2813 1370 2862 te·

306 2885 544 2956 apudllardninum
564 2892 817 2947 toreumatum.
868 2892 993 2959 nendum,
1012 2898 1037 2946 et
1055 2892 1267 2962 amplectendam
1290 2892 1370 2963 defini

311 2980 383 3046 vill,
396 2972 534 3032 cossatae.
551 2977 608 3031 Nos
621 2977 764 3048 dilipenter
775 2980 817 3032 in·
870 2993 927 3032 mus
940 2984 964 3032 el
975 2977 1150 3047 declaramus,
1158 2977 1285 3049 nullique
1298 2980 1329 3034 ds
1337 2993 1369 3032 cs·

313 3063 405 3130 spectu
420 3061 618 3117 auctoritatibus
627 3061 818 3133 electionibus,
864 3068 927 3115 uro
952 3061 1052 3115 licitum
1078 3077 1131 3114 csse
1158 3065 1188 3115 in
1213 3064 1369 3118 contrusus

305 3147 444 3217 -quaes'am
454 3146 599 3218 aptariius
610 3149 687 3200 anuis
697 3147 819 3217 inpubli-
868 3146 1028 3217 praedicere
1043 3162 1088 3200 seu
1100 3147 1203 3200 docere.
1221 3151 1274 3199 Ubi
1293 3150 1368 3201 udaie

313 3230 350 3284 cis
358 3231 531 3286 relationibus
542 3234 665 3302 superte
682 3233 822 3301 utriusque
874 3233 1122 3284 animadvertendum
1152 3238 1211 3299 est,
1240 3233 1369 3285 concilim

307 3314 546 3374 ⁴doctrincsccram
555 3314 606 3369 isac
614 3313 819 3383 sanctasynodo
865 3319 1010 3368 *basileenses
1020 3317 1227 3386 minimeqdiserte
1239 3323 1268 3369 et
1280 3313 1367 3382 expres

306 3399 446 3466 allepatae
463 3406 533 3468 suut,
545 3398 659 3468 aliisque
669 3399 748 3453 etiam
755 3399 819 3469 plu-
872 3415 898 3452 sc
910 3404 946 3451 uti
960 3402 1018 3452 fidei
1032 3404 1120 3464 dogma
1133 3401 1279 3457 definivisse
1292 3403 1366 3452 imae

312 3485 389 3538 mauis
401 3499 479 3554 super
492 3483 542 3538 lsec
552 3499 582 3536 re
593 3485 666 3554 uisu,
678 3490 703 3538 et
714 3491 820 3539 matura
874 3489 983 3537 celatam
993 3488 1104 3550 Virginis
1115 3486 1324 3554 conceptionem,
1333 3482 1368 3536 set

313 3568 524 3622 consideratione
533 3571 661 3639 pensatis,
674 3570 823 3624 doctrinam
875 3575 956 3623 solum
968 3575 1115 3638 declarasse,
1126 3573 1196 3621 illam
1216 3561 1367 3634 sectamina,

312 3651 389 3705 illam
409 3652 579 3707 disserentem
597 3654 744 3723 ploriosom
761 3655 821 3711 Vir·
873 3672 938 3720 quaa
956 3663 1005 3707 slat
1016 3671 1061 3720 pro
1073 3655 1236 3706 immaculato
1248 3655 1367 3717 concepte

309 3733 823 3808 pinemlieiGenitricemlllariompras-
873 3739 1155 3806 piamcssepousoncm
1167 3733 1367 3790 cultuicccluie

311 3819 430 3872 munte
442 3826 467 3873 et
477 3825 601 3888 operante
611 3820 822 3874 dioiniNuminis
875 3820 948 3890 stuc,
958 3822 1023 3891 fidei
1029 3820 1184 3888 catolicae,
1194 3825 1287 3874 sectae
1297 3817 1368 3875 ratis

307 3901 403 3964 -peccie
411 3900 546 3969 deputari
552 3917 694 3971 utnusquam
707 3903 820 3957 actuali·
869 3905 911 3972 ui,
923 3910 948 3958 el
959 3919 1050 3958 samue
1061 3901 1226 3971 Scripturas.

314 3991 353 4038 ter
370 3986 529 4041 subsecuisse
549 3986 680 4056 miainals'
704 3994 818 4057 peccat03
882 4031 883 4034 ,
906 3987 940 4057 (3)
957 3991 1122 4055 Prosequitur
1142 3990 1212 4039 enim
1232 3987 1366 4039 Concdinn
1399 3978 1406 4087 4’

315 4069 361 4121 sed
374 4071 521 4125 immunem
547 4085 647 4142 semper
675 4075 758 4142 fuisse
786 4073 819 4126 al
867 4071 1268 4140 ·ibid.:.ltenooautespruelerec
1276 4069 1371 4125 sunu
1401 4090 1406 4135 l

314 4153 386 4205 omns·
392 4154 520 4223 seminati
527 4163 553 4211 et
562 4156 662 4211 actuali
669 4155 818 4227 culpamu-
871 4158 966 4211 lienem
984 4157 1017 4210 de
1034 4153 1191 4211 alemenae
1210 4151 1370 4211 enucleetur
1400 4140 1406 4239 l
