2828 4904
96 471 178 529 utam
205 487 302 551 quam
318 465 357 530 de
369 464 520 529 daemone
532 487 569 529 ac
584 473 713 551 peccato
729 471 924 550 reportasset
946 465 1123 530 victoriam.

94 589 190 633 naero
220 572 287 635 sive
318 570 398 634 hane
428 570 595 633 victoriam
629 590 686 655 por
716 567 936 632 liberationem
967 570 1034 633 sive
1068 588 1126 655 per

94 674 281 736 munitatem
303 673 479 749 retulisset,
503 672 584 736 illud
607 693 719 737 verum
750 679 1020 757 utroqueversum
1039 692 1127 735 man·

94 783 155 854 sset,
170 778 205 839 lt.
224 775 390 860 Virginem
406 783 502 860 caput
519 773 599 838 illud
615 773 802 838 contrivisse
821 771 874 859 (ll.

143 879 319 943 Fatendum
337 888 439 942 tamen
455 886 504 942 est
526 877 656 964 aliquod
672 877 787 941 exindo
800 886 1024 963 argumentum
1040 877 1125 954 erui,

94 999 126 1044 no
137 989 165 1044 et
180 979 422 1044 fundamentum
444 981 521 1044 satis
538 979 675 1044 solidum
696 979 735 1044 ad
755 979 990 1044 iumraeulatam
1004 982 1039 1044 ll.
1054 980 1127 1043 vir-

94 1083 143 1166 riuis
159 1084 401 1170 conceptionem
423 1083 641 1149 adserendam.

147 1189 268 1252 Etenim
285 1187 431 1252 adductis
446 1187 553 1252 vorbis
566 1186 688 1274 aliquid
700 1189 789 1253 Deus
805 1209 939 1274 prorsus
952 1185 1127 1272 singulare,

95 1288 203 1376 podque
227 1291 338 1354 matris
361 1290 510 1376 promissi
533 1290 715 1355 liberatoris
732 1293 900 1378 proprium
922 1300 1017 1367 esset,
1031 1299 1129 1377 atque

95 1395 172 1457 cteris
187 1415 248 1458 uon
264 1415 430 1459 commune
447 1393 661 1479 significatum
678 1396 796 1478 voluit3
814 1395 956 1482 alioquin
973 1393 1061 1458 nulla
1076 1415 1130 1480 ap-

95 1505 146 1562 tret
174 1501 257 1563 ratio
279 1499 372 1563 iuxta
398 1499 549 1584 exegesin
580 1499 783 1578 catholicam,
809 1521 910 1586 spuere
933 1497 1130 1585 peculiarem

95 1591 175 1666 blac
198 1600 347 1665 iniecerit
367 1600 503 1664 muliere
517 1603 719 1680 mentionem,
736 1625 777 1667 ex
788 1624 852 1689 qua
867 1622 972 1665 semen
996 1600 1131 1688 promis-

95 1722 129 1768 nn
150 1712 219 1768 erat
241 1705 414 1769 oriturum.
440 1706 582 1770 larrrvero
601 1707 634 1769 in
660 1706 730 1785 hoc,
745 1728 809 1793 quo
833 1705 872 1770 de
896 1705 1033 1791 agimus,
1051 1704 1131 1769 nihil

1179 877 1245 927 Satis
1256 876 1357 924 firmum

1180 950 1357 1009 argumentum

1190 1018 1290 1068 eruitur
1312 1027 1343 1063 ex

1180 1090 1272 1140 Genea.
1286 1078 1357 1152 3‚t5.

1211 1197 1358 1252 ostenditur

95 1806 146 1873 ind·
175 1808 342 1893 singulare
363 1809 491 1873 omnino
518 1817 615 1895 atque
646 1810 784 1874 huiusce
815 1811 927 1875 matris
961 1809 1131 1896 proprium
1220 1869 1223 1880 ,

96 1931 151 1979 m
169 1912 406 1977 immunitatem
428 1934 447 1978 a
467 1915 581 2000 quovis
596 1923 726 2000 peccato
742 1914 922 2001 contingere
938 1914 1044 2011 animo
1059 1933 1132 2000 pos-

96 2016 173 2081 uis.
198 2017 283 2083 Nam
306 2016 393 2103 quod
414 2015 454 2082 ad
477 2017 699 2083 liberationem
722 2018 762 2084 ab
786 2019 936 2106 originali
960 2018 1031 2084 labe
1058 2026 1132 2105 post
1210 2060 1211 2065 κ

96 2127 159 2185 rtur
180 2121 408 2185 animationem
432 2128 565 2208 spectat,
579 2143 615 2186 ea
631 2130 718 2187 certe
736 2124 914 2189 communis
931 2123 1132 2187 sanctissimo

96 2222 405 2304 recursoriluisset,
421 2225 479 2312 qui
491 2226 633 2313 repletus
649 2234 697 2291 est
713 2226 839 2314 Spiritu
851 2227 967 2292 Sancto
982 2223 1022 2289 ab
1040 2232 1132 2289 utero

97 2326 163 2392 tris
187 2346 278 2412 suae;
295 2336 392 2415 atque
408 2329 515 2409 etiam,
532 2339 629 2416 prout
645 2328 708 2396 lert
727 2331 884 2396 sententia
900 2329 979 2393 satis
991 2331 1131 2414 recepta,

96 2429 252 2508 nomiae,
278 2430 414 2517 aliisque
437 2431 520 2497 lorte
543 2433 714 2499 nonnullis.
736 2436 781 2498 At
804 2431 950 2497 absoluta
974 2431 1134 2517 exemptio

96 2533 190 2600 ciale
213 2555 249 2598 ac
271 2535 440 2622 proprium
463 2537 562 2604 solius
585 2539 731 2626 Virginis
753 2523 961 2627 privilegium
977 2534 1072 2602 foret.

136 2637 311 2703 Praeterea
333 2641 459 2705 animus
482 2641 649 2729 hypothesi
672 2642 710 2707 de
735 2642 802 2708 sola
824 2641 1015 2707 liberatione
1042 2638 1138 2726 plene·

96 2761 113 2804 n
138 2741 334 2826 acquiescit;
358 2742 435 2807 haec
458 2745 541 2808 enim
565 2746 597 2810 in
621 2747 717 2812 iustis
740 2746 901 2824 omnibus,
918 2745 993 2810 lieet
1009 2743 1136 2809 divorso

96 2840 166 2921 adu,
192 2841 383 2930 diversaque
395 2846 518 2911 ratione
531 2849 636 2913 locum
650 2850 746 2914 habet
760 2859 858 2938 atque
875 2849 1000 2914 hahuit:
1018 2847 1133 2912 atheio

1195 2658 1364 2708 Confirmatur

110 2945 253 3011 victoria
267 2946 361 3032 plena
384 2950 545 3033 agiturne
565 2952 737 3037 singulari:
754 2975 838 3040 quae
854 2952 1000 3040 quamvis
1017 2953 1136 3037 prima·
1193 2973 1197 2981 ·

97 3076 102 3111 a
124 3049 199 3114 loco
213 3050 371 3137 promisso
388 3048 542 3119 Salvatori
560 3056 776 3135 adscribatur,
798 3056 1007 3147 nihilomiuus
1024 3076 1136 3121 secun-

97 3152 146 3217 rio
157 3151 272 3216 saltem
287 3152 399 3219 beatae
415 3157 486 3221 eius
502 3159 613 3237 Matri,
630 3162 756 3224 mulieri
769 3155 837 3224 Μετ’
848 3148 1137 3246 εξοχήνηυηοιῳιι-

97 3279 116 3333 e,
140 3255 323 3334 tribuitur,
350 3279 386 3322 ac
408 3261 565 3345 proinde,
589 3263 676 3348 quod
699 3272 815 3328 natura
832 3264 938 3342 Filio,
954 3262 1055 3330 Matri
1077 3284 1136 3350 per

97 3358 334 3445 rticipationem
357 3365 517 3449 competit.
805 3373 810 3385 ‘

144 3463 466 3541 Quocirca'omuibus
482 3468 544 3532 rite
559 3470 725 3555 perpensis
740 3469 870 3537 biblicis
886 3471 1038 3549 oraculis,
1052 3491 1135 3558 quae

96 3586 116 3630 o
132 3586 329 3654 unaquaque
346 3569 526 3636 afferuntur
545 3574 713 3651 sententia,
729 3582 827 3659 patet,
844 3575 1036 3651 testimonia,
1054 3593 1145 3660 quae*

97 3690 116 3734 o
139 3669 243 3757 priori
266 3674 422 3738 sententia
439 3682 524 3740 stare
543 3675 704 3755 videntur,
728 3698 914 3764 congruam,
936 3679 1000 3741 imo
1023 3676 1143 3741 addam*

98 3874 130 3942 [tp
146 3878 246 3928 Notum
255 3883 294 3928 est
304 3881 573 3949 passimtntmpretea,
626 3885 724 3935 illatore
740 3884 862 3951 retulere,
874 3886 989 3948 adeoque
997 3887 1072 3946 caput
1082 3884 1137 3936 atus

103 3975 200 4030 sensu,
217 3977 294 4026 quem
312 3970 419 4026 vocant,
436 3965 572 4019 anteatino
623 3970 811 4030 contriverunt.
822 3971 887 4020 lltno
904 3969 936 4018 da
951 3968 1006 4025 Eva
1019 3962 1080 4034 ipsa,
1091 3980 1137 4031 par

98 4048 130 4098 tls
148 4048 268 4098 omnibus
279 4053 365 4112 aptare
377 4053 507 4101 oraculum
519 4053 570 4113 Ge-
624 4054 803 4118 poenitentiam
824 4055 931 4120 scilieet,
951 4054 975 4103 id
998 4051 1137 4117 praestitia-

98 4126 356 4201 tcos3,l5:,quando
373 4135 455 4200 etipsl
468 4131 571 4200 perlici
601 4190 603 4196 ,
624 4152 652 4190 ae
670 4139 729 4206 dici
748 4143 839 4204 potest.
851 4139 890 4190 (ll.
911 4135 987 4191 Corn·
1009 4153 1023 4189 a
1044 4137 1139 4213 Lapide

98 4218 169 4270 ittam
190 4213 325 4270 sionnam
341 4220 374 4272 da
392 4219 493 4274 dtrboto
511 4221 573 4274 inst·
624 4228 652 4276 at
665 4220 835 4277 'Boufranam
852 4224 878 4276 ln
895 4222 964 4275 huno
981 4222 1034 4276 too:
1142 4304 1144 4306 Ι

1216 3503 1352 3556 Conclusio
