2828 4904
739 285 916 353 -12-

279 404 418 490 ,probare
441 404 578 470 ordinem
600 407 786 470 universalis
803 406 970 483 Ecclesiae,
989 409 1094 495 pedem
1117 416 1188 476 sisto
1212 422 1239 475 et
1256 418 1357 476 termi-

287 530 343 574 nos
365 515 543 574 constitutos
566 531 629 574 oon
652 511 865 595 transgredior
889 508 942 598 (l)

374 613 460 676 Hace
483 611 593 677 eadem
609 632 716 700 pugna
733 635 790 700 per
810 615 954 681 seculum
972 616 1034 680 XII
1058 615 1195 682 solidum
1218 615 1358 697 duravit,

287 710 364 779 dum
387 714 442 779 alii
465 734 539 778 cum
562 735 587 778 s.
606 714 769 780 bernardo
792 714 911 782 festum
933 719 967 782 in
989 718 1140 784 honorem
1157 719 1193 783 B.
1214 718 1360 804 Virginis

286 818 354 882 sine
377 816 448 883 labe
471 825 641 907 conceptae
663 819 891 907 improbarent,
908 821 965 887 alii
980 843 1056 887 vero
1072 843 1131 909 pro
1154 820 1300 887 eiusdem
1315 824 1362 887 in-

276 923 452 988 stitutione
467 924 591 1009 magnis
611 923 726 988 animis
747 922 884 990 feliciori
907 945 1059 991 successu
1086 925 1252 989 instarent.
1278 924 1365 989 luter

283 1047 338 1091 eos
351 1047 447 1114 porro
463 1028 521 1115 qui
536 1026 745 1107 obsistebant,
762 1029 936 1116 praecipue
952 1030 1175 1095 inclaruerunt
1187 1027 1365 1096 Mauritius

283 1129 387 1196 Soliac
399 1133 488 1198 Petri
500 1130 672 1198 Lombardi
684 1153 742 1199 seu
755 1129 905 1220 Magistri
922 1136 1154 1200 sententiarum
1165 1134 1198 1198 in
1215 1131 1364 1198 cathedra

281 1236 457 1324 theologica
484 1256 661 1317 successor,
685 1232 798 1303 deinde
823 1260 900 1308 vero
926 1240 1096 1327 episcopus
1123 1246 1156 1303 et
1183 1238 1251 1324 ipse
1280 1237 1361 1324 pari·

282 1341 408 1420 siensiS,
428 1342 486 1428 qui
510 1340 584 1407 festi
606 1342 705 1408 huius
738 1340 984 1409 celebrationem
1013 1342 1161 1409 Lutetiae
1195 1340 1364 1406 interdixit

281 1445 489 1528 argumentis,
508 1452 545 1509 ut
566 1444 740 1510 verisimile
763 1453 822 1523 est,
844 1467 868 1510 s.
888 1446 1044 1511 bernardi
1067 1453 1231 1532 permotus
1257 1441 1312 1531 (2);
1330 1463 1364 1506 ae

281 1547 382 1611 Pholo
398 1547 497 1613 abbas
512 1550 698 1614 monasterii
722 1549 853 1616 Ordinis
871 1548 1151 1616 benedictinorum
1173 1548 1363 1636 premiensis

281 1652 315 1716 in
338 1654 518 1719 Germania.
542 1652 608 1719 atii
631 1661 742 1721 contra
764 1653 867 1719 eidem
889 1653 1049 1733 favebant,
1067 1676 1104 1720 ae
1120 1654 1211 1740 longe
1234 1652 1362 1738 lateque

281 1755 315 1819 in
337 1755 509 1840 Hispania,
533 1753 702 1834 Flandria,
727 1755 864 1843 aliisque
891 1757 1078 1844 regionibus
1112 1777 1183 1821 eam
1216 1754 1363 1820 institue-

282 1867 360 1924 runt
385 1855 440 1945 (3).

71 1989 129 2039 Non
142 2002 230 2040 omn„
368 1964 437 2028 Hoc
460 1971 563 2028 tamen
586 1965 670 2028 inter
693 1972 848 2052 utrosque
871 1965 1042 2030 intercedit
1064 1964 1250 2042 discrimen,
1281 1964 1362 2051 quod

53 2054 112 2178 ‘⁰⁵3
149 2061 231 2179 tmpu—
281 2067 339 2154 qui
361 2067 607 2156 propugnabant
629 2067 703 2133 lesti
726 2069 973 2151 institutionem,
994 2069 1034 2135 ad
1057 2090 1159 2134 unum
1181 2088 1293 2133 omnes
1321 2069 1362 2132 in-

52 2143 233 2250 ξιῗῃιῖἷιῗθζῖ
281 2175 464 2240 niterentur
485 2175 646 2263 privilegii
668 2175 767 2242 huius
793 2177 934 2260 veritati3
952 2177 1010 2264 qui
1033 2198 1108 2245 vcro
1132 2176 1207 2240 lesti
1234 2175 1356 2239 institu-

52 2271 84 2320 rtt
112 2271 234 2321 immacu·
283 2282 364 2347 tioni
387 2281 650 2362 adversabantur,
667 2303 731 2347 non
752 2302 860 2347 omnes
882 2280 1088 2371 privilegium
1111 2281 1284 2366 aVirgine
1314 2268 1371 2346 ab¹

51 2342 119 2392 latae
136 2341 235 2394 Conce-
285 2387 293 2404 ,
344 2387 352 2402 ,
825 2386 832 2401 ,

52 2412 165 2475 pisonis..
283 2386 475 2453 rudrcarent.
499 2386 581 2453 Nam
602 2386 714 2472 plnres
737 2405 779 2450 ex
801 2387 850 2451 lus
874 2407 943 2451 sese
965 2390 1186 2475 opposuerunt
1211 2385 1264 2451 vel
1280 2380 1362 2472 qnod

86 591 235 644 Continuata

57 665 235 716 controversia.

282 2488 423 2554 nondum
445 2486 608 2577 privilegii
630 2487 809 2566 veritatem,
835 2486 947 2554 silente
975 2489 1165 2576 praesertim
1191 2486 1363 2574 apostolica

281 2592 373 2671 Sede,
391 2593 469 2657 satis
492 2600 594 2658 ratam
617 2591 867 2677 arbitrarentur,
885 2593 934 2660 vel
957 2593 1044 2681 quod
1067 2598 1235 2659 censerent
1257 2590 1297 2655 de
1314 2589 1363 2653 illa

279 2695 382 2783 prima
405 2695 610 2780 conceptione
628 2693 773 2782 Virginis
791 2696 853 2782 agi,
871 2717 954 2783 quae
971 2716 1012 2761 ex
1033 2694 1172 2760 maritali
1195 2699 1362 2782 parentum

280 2818 454 2883 congressu
476 2797 582 2862 oriens
605 2818 667 2862 non
692 2798 760 2863 sine
782 2799 1041 2886 concupiscentia
1064 2797 1247 2885 perficitur,
1278 2803 1313 2861 et
1333 2794 1362 2858 in

281 2920 345 2987 qun
369 2899 492 2987 aliquid
514 2899 680 2986 originalis
703 2901 785 2966 labis
809 2902 913 2966 inesse
936 2906 1143 2967 autumarent
1167 2896 1221 2986 (lt).

326 3140 363 3207 (li
376 3146 466 3195 Petrus
478 3142 597 3195 cellensis
609 3145 738 3209 epistolar.
749 3146 796 3195 lib.
853 3143 938 3208 Atque
948 3145 1006 3193 binc
1018 3135 1148 3206 multiplex
1157 3154 1234 3192 cansa
1246 3143 1359 3206 intelligi·
1402 3138 1408 3151 ’

284 3240 312 3296 9,
324 3242 363 3292 ep.
376 3223 410 3278 10
427 3229 454 3278 in
468 3225 633 3281 Bibliotheca
646 3227 725 3283 Mne·
741 3225 796 3281 Pc-
851 3230 894 3278 tur
905 3221 945 3279 rel
964 3227 1070 3277 omissae
1088 3227 1129 3278 vet
1147 3227 1309 3289 interruptae
1324 3237 1360 3290 per

285 3315 364 3363 trem.
383 3312 500 3375 Lugduni
510 3304 591 3379 1677,
601 3317 664 3364 tom.
677 3312 796 3379 xxxttt,
851 3311 920 3361 illam
937 3314 1047 3361 aetatem
1058 3311 1133 3361 buius
1146 3309 1203 3360 testi
1215 3310 1360 3362 celebratio

285 3410 342 3459 pag.
354 3392 417 3462 906,
435 3395 485 3446 col.
498 3393 524 3447 1.
853 3397 903 3462 nis,
920 3396 1034 3459 quamvis
1045 3395 1154 3459 positive
1173 3396 1300 3446 maculata
1317 3407 1359 3445 nott

325 3471 359 3544 sl)
381 3480 419 3530 Cl.
438 3481 567 3531 Guillelm.
588 3480 795 3533 altissiodorens.
848 3486 996 3532 censeretur
1013 3480 1124 3544 Virginis
1141 3477 1296 3542 Cottccptio.
1315 3478 1360 3530 Atti
1401 3474 1408 3479 '

203 3570 206 3574 ’
287 3555 413 3615 Summae
424 3563 468 3612 lib.
479 3557 506 3630 3,
518 3577 542 3612 c.
550 3558 576 3614 3.
849 3564 918 3615 enim
949 3563 1138 3613 arbitrabantur
1166 3561 1291 3612 celebrari
1317 3560 1360 3625 pri·

325 3643 360 3714 (3)
379 3647 418 3698 Cl.
427 3649 524 3700 Strczzi
533 3651 625 3713 op.cit.
634 3649 678 3699 tib·
688 3644 714 3715 3,
724 3646 795 3699 cib.
848 3663 915 3700 mam
937 3655 964 3699 et
982 3651 1123 3699 inchoatam
1152 3649 1360 3711 conceptionem,

327 3726 362 3796 (4)
379 3734 476 3796 Nempe
484 3734 583 3806 ratione
594 3734 761 3800 poenalitatis,
770 3740 799 3784 ut
851 3729 1359 3798 seuquamdiximnsmicnmqnaecnn
1399 3786 1408 3807 Ι

287 3822 385 3867 vocant:
396 3831 443 3867 nec
453 3818 559 3870 deluere
567 3816 724 3885 Scholastici,
734 3834 799 3882 quo·
851 3820 935 3869 cultus
944 3831 1020 3882 capax
1033 3831 1083 3867 non
1096 3816 1138 3881 sit,
1149 3814 1207 3866 ideo
1219 3816 1293 3866 abeo
1303 3816 1360 3867 sesto

288 3913 344 3948 rum
362 3899 436 3949 elicta
454 3905 541 3963 postea
559 3900 740 3967 expendemus,
751 3902 794 3965 qui
847 3898 1362 3966 abhorrebaut3aliiautemqnodautume·

288 3985 334 4033 visi
347 3989 406 4035 suut
417 3986 561 4036 existimare
570 3986 798 4049 concupiscentiam
851 3992 909 4037 rent
926 3986 1004 4049 ipsam
1024 3983 1254 4047 concupiscentiam
1273 3997 1325 4050 qua
1340 3980 1363 4031 ot
1406 3988 1408 3997 ¹

289 4068 377 4134 ipsam,
386 4083 437 4133 qua
449 4070 579 4134 generatio
592 4066 732 4137 perficitur,
743 4084 799 4123 esse
850 4072 981 4136 generatio
988 4083 1043 4121 esse
1051 4068 1242 4135 malam,mnlto
1252 4070 1331 4133 mags
1340 4065 1365 4118 ab
1404 4050 1408 4159 ἶ

288 4152 578 4218 peecatum,etiisplane
589 4153 798 4220 repugnantibus.
852 4167 882 4206 ea
893 4151 1063 4207 sollemnitate
1081 4152 1156 4205 alieni
1174 4157 1259 4204 erant.
1278 4153 1366 4205 Contra
1406 4162 1408 4215 ς
