<?xml version="1.0" encoding="UTF-8"?>
<!DOCTYPE html PUBLIC "-//W3C//DTD XHTML 1.0 Transitional//EN"
    "http://www.w3.org/TR/xhtml1/DTD/xhtml1-transitional.dtd">
<html xmlns="http://www.w3.org/1999/xhtml" xml:lang="en" lang="en">
 <head>
  <title>
</title>
<meta http-equiv="Content-Type" content="text/html;charset=utf-8" />
  <meta name='ocr-system' content='tesseract 3.04.00' />
  <meta name='ocr-capabilities' content='ocr_page ocr_carea ocr_par ocr_line ocrx_word'/>
</head>
<body>
  <div class='ocr_page' id='page_1' title='image "./deimmaculatobvm00perrgoog_0198.png"; bbox 0 0 2820 4890; ppageno 0'>
   <div class='ocr_carea' id='block_1_1' title="bbox 514 325 700 394">
    <p class='ocr_par' dir='ltr' id='par_1_1' title="bbox 514 325 700 394">
     <span class='ocr_line' id='line_1_1' title="bbox 514 325 700 394; baseline -0.005 0"><span class='ocrx_word' id='word_1_1' title='bbox 514 325 700 394; x_wconf 85' lang='lat'>—181-</span> 
     </span>
    </p>
   </div>
   <div class='ocr_carea' id='block_1_2' title="bbox 10 427 1152 2413">
    <p class='ocr_par' dir='ltr' id='par_1_2' title="bbox 10 427 1152 641">
     <span class='ocr_line' id='line_1_2' title="bbox 10 427 1152 535; baseline 0.008 -31"><span class='ocrx_word' id='word_1_2' title='bbox 10 454 19 496; x_wconf 71' lang='grc' dir='ltr'>ἱ</span> <span class='ocrx_word' id='word_1_3' title='bbox 74 427 111 493; x_wconf 65' lang='lat' dir='ltr'><strong>lla</strong></span> <span class='ocrx_word' id='word_1_4' title='bbox 131 442 223 510; x_wconf 87' lang='lat' dir='ltr'><strong>modo</strong></span> <span class='ocrx_word' id='word_1_5' title='bbox 246 448 348 532; x_wconf 68' lang='lat' dir='ltr'><strong>topica</strong></span> <span class='ocrx_word' id='word_1_6' title='bbox 369 456 426 511; x_wconf 90' lang='lat' dir='ltr'><strong>aut</strong></span> <span class='ocrx_word' id='word_1_7' title='bbox 447 453 687 523; x_wconf 68' lang='lat' dir='ltr'><strong>ratiocinativa,</strong></span> <span class='ocrx_word' id='word_1_8' title='bbox 704 468 817 512; x_wconf 86' lang='lat' dir='ltr'><strong>verum</strong></span> <span class='ocrx_word' id='word_1_9' title='bbox 833 448 930 520; x_wconf 87' lang='lat' dir='ltr'><strong>etiam</strong></span> <span class='ocrx_word' id='word_1_10' title='bbox 944 448 1075 535; x_wconf 75' lang='lat' dir='ltr'><strong>physica</strong></span> <span class='ocrx_word' id='word_1_11' title='bbox 1092 455 1152 513; x_wconf 87' lang='lat' dir='ltr'><strong>aut</strong></span> 
     </span>
     <span class='ocr_line' id='line_1_3' title="bbox 77 547 1151 641; baseline 0.008 -31"><span class='ocrx_word' id='word_1_12' title='bbox 77 547 279 635; x_wconf 57' lang='lat' dir='ltr'><strong>lepbyss‘ca,</strong></span> <span class='ocrx_word' id='word_1_13' title='bbox 296 574 381 638; x_wconf 89' lang='lat' dir='ltr'><strong>quae</strong></span> <span class='ocrx_word' id='word_1_14' title='bbox 397 553 430 615; x_wconf 89' lang='lat' dir='ltr'><strong>in</strong></span> <span class='ocrx_word' id='word_1_15' title='bbox 446 553 516 639; x_wconf 83' lang='lat' dir='ltr'><strong>ipsa</strong></span> <span class='ocrx_word' id='word_1_16' title='bbox 530 558 674 628; x_wconf 79' lang='lat' dir='ltr'><strong>materia,</strong></span> <span class='ocrx_word' id='word_1_17' title='bbox 690 561 727 616; x_wconf 94' lang='lat' dir='ltr'><strong>ut</strong></span> <span class='ocrx_word' id='word_1_18' title='bbox 743 553 852 629; x_wconf 87' lang='lat' dir='ltr'><strong>aiunt,</strong></span> <span class='ocrx_word' id='word_1_19' title='bbox 869 561 901 615; x_wconf 91' lang='lat' dir='ltr'><strong>et</strong></span> <span class='ocrx_word' id='word_1_20' title='bbox 918 552 951 616; x_wconf 90' lang='lat' dir='ltr'><strong>in</strong></span> <span class='ocrx_word' id='word_1_21' title='bbox 968 575 1151 641; x_wconf 76' lang='lat' dir='ltr'><strong>consequen-</strong></span> 
     </span>
    </p>

    <p class='ocr_par' dir='ltr' id='par_1_3' title="bbox 10 638 1152 1261">
     <span class='ocr_line' id='line_1_4' title="bbox 10 638 1150 747; baseline 0.001 -25"><span class='ocrx_word' id='word_1_22' title='bbox 10 664 41 722; x_wconf 63' lang='grc' dir='ltr'><strong>ξι</strong></span> <span class='ocrx_word' id='word_1_23' title='bbox 85 638 240 734; x_wconf 67' lang='lat' dir='ltr'><strong>lefulgeat,</strong></span> <span class='ocrx_word' id='word_1_24' title='bbox 260 655 477 747; x_wconf 32' lang='lat' dir='ltr'><strong>cum&#39;scilicet</strong></span> <span class='ocrx_word' id='word_1_25' title='bbox 497 655 597 720; x_wconf 87' lang='lat' dir='ltr'><strong>altera</strong></span> <span class='ocrx_word' id='word_1_26' title='bbox 618 656 871 741; x_wconf 83' lang='lat' dir='ltr'><strong>praemissarum</strong></span> <span class='ocrx_word' id='word_1_27' title='bbox 892 658 1150 744; x_wconf 74' lang='lat' dir='ltr'><strong>propositionum</strong></span> 
     </span>
     <span class='ocr_line' id='line_1_5' title="bbox 10 746 1150 837; baseline 0.009 -18"><span class='ocrx_word' id='word_1_28' title='bbox 10 772 49 832; x_wconf 59' lang='lat'><strong>252</strong></span> <span class='ocrx_word' id='word_1_29' title='bbox 87 746 193 825; x_wconf 69' lang='lat' dir='ltr'><strong>suasu</strong></span> <span class='ocrx_word' id='word_1_30' title='bbox 203 771 336 826; x_wconf 85' lang='lat' dir='ltr'><strong>naturae</strong></span> <span class='ocrx_word' id='word_1_31' title='bbox 350 761 471 825; x_wconf 89' lang='lat' dir='ltr'><strong>lumine</strong></span> <span class='ocrx_word' id='word_1_32' title='bbox 485 762 538 837; x_wconf 89' lang='lat' dir='ltr'><strong>sit,</strong></span> <span class='ocrx_word' id='word_1_33' title='bbox 553 759 654 825; x_wconf 89' lang='lat' dir='ltr'><strong>altera</strong></span> <span class='ocrx_word' id='word_1_34' title='bbox 665 782 743 827; x_wconf 86' lang='lat' dir='ltr'><strong>vero</strong></span> <span class='ocrx_word' id='word_1_35' title='bbox 755 760 951 826; x_wconf 83' lang='lat' dir='ltr'>certitudine</span> <span class='ocrx_word' id='word_1_36' title='bbox 963 760 1038 826; x_wconf 87' lang='lat' dir='ltr'><strong>fidei</strong></span> <span class='ocrx_word' id='word_1_37' title='bbox 1051 771 1150 829; x_wconf 85' lang='lat' dir='ltr'><strong>certa.</strong></span> 
     </span>
     <span class='ocr_line' id='line_1_6' title="bbox 10 843 1152 956; baseline 0.004 -27"><span class='ocrx_word' id='word_1_38' title='bbox 10 868 52 938; x_wconf 70' lang='lat'><strong>22&#39;</strong></span> <span class='ocrx_word' id='word_1_39' title='bbox 92 843 194 938; x_wconf 71' lang='lat' dir='ltr'><strong>lucta</strong></span> <span class='ocrx_word' id='word_1_40' title='bbox 208 866 305 930; x_wconf 90' lang='lat' dir='ltr'><strong>altera</strong></span> <span class='ocrx_word' id='word_1_41' title='bbox 318 867 571 951; x_wconf 87' lang='lat' dir='ltr'><strong>praemissarum</strong></span> <span class='ocrx_word' id='word_1_42' title='bbox 583 865 841 951; x_wconf 77' lang='lat' dir='ltr'><strong>propositionum</strong></span> <span class='ocrx_word' id='word_1_43' title='bbox 859 857 965 956; x_wconf 68' lang='grc' dir='ltr'><strong><em>ῥηὲιως</em></strong></span> <span class='ocrx_word' id='word_1_44' title='bbox 976 856 1031 931; x_wconf 74' lang='lat' dir='ltr'><strong>sat</strong></span> <span class='ocrx_word' id='word_1_45' title='bbox 1048 861 1152 945; x_wconf 73' lang='grc' dir='ltr'><strong>ἅπλως</strong></span> 
     </span>
     <span class='ocr_line' id='line_1_7' title="bbox 10 963 1151 1054; baseline 0.01 -28"><span class='ocrx_word' id='word_1_46' title='bbox 10 978 44 1042; x_wconf 60' lang='lat' dir='ltr'><strong>[a.</strong></span> <span class='ocrx_word' id='word_1_47' title='bbox 96 963 175 1027; x_wconf 67' lang='lat' dir='ltr'><strong>lltad</strong></span> <span class='ocrx_word' id='word_1_48' title='bbox 186 968 311 1033; x_wconf 87' lang='lat' dir='ltr'><strong>verbum</strong></span> <span class='ocrx_word' id='word_1_49' title='bbox 325 975 358 1033; x_wconf 90' lang='lat' dir='ltr'><strong>et</strong></span> <span class='ocrx_word' id='word_1_50' title='bbox 369 966 601 1054; x_wconf 88' lang='lat' dir='ltr'><strong>simpliciterin</strong></span> <span class='ocrx_word' id='word_1_51' title='bbox 610 967 727 1031; x_wconf 89' lang='lat' dir='ltr'><strong>Bibliis</strong></span> <span class='ocrx_word' id='word_1_52' title='bbox 739 967 870 1031; x_wconf 89' lang='lat' dir='ltr'><strong>minime</strong></span> <span class='ocrx_word' id='word_1_53' title='bbox 883 970 1089 1036; x_wconf 89' lang='lat' dir='ltr'><strong>contineatur</strong></span> <span class='ocrx_word' id='word_1_54' title='bbox 1101 972 1151 1037; x_wconf 83' lang='lat' dir='ltr'><strong>rol</strong></span> 
     </span>
     <span class='ocr_line' id='line_1_8' title="bbox 10 936 1151 1243; baseline 0.008 -114"><span class='ocrx_word' id='word_1_55' title='bbox 10 936 329 1243; x_wconf 34' lang='lat' dir='ltr'><strong>{morittium</strong></span> <span class='ocrx_word' id='word_1_56' title='bbox 345 1072 446 1136; x_wconf 92' lang='lat' dir='ltr'><strong>altera</strong></span> <span class='ocrx_word' id='word_1_57' title='bbox 462 1082 551 1136; x_wconf 92' lang='lat' dir='ltr'><strong>certa</strong></span> <span class='ocrx_word' id='word_1_58' title='bbox 566 1071 698 1157; x_wconf 89' lang='lat' dir='ltr'><strong>quidem</strong></span> <span class='ocrx_word' id='word_1_59' title='bbox 715 1071 773 1149; x_wconf 91' lang='lat' dir='ltr'><strong>sit,</strong></span> <span class='ocrx_word' id='word_1_60' title='bbox 791 1072 848 1136; x_wconf 89' lang='lat' dir='ltr'><strong>sed</strong></span> <span class='ocrx_word' id='word_1_61' title='bbox 867 1071 933 1136; x_wconf 90' lang='lat' dir='ltr'><strong>sola</strong></span> <span class='ocrx_word' id='word_1_62' title='bbox 955 1072 1151 1138; x_wconf 78' lang='lat' dir='ltr'><strong>certitudine</strong></span> 
     </span>
     <span class='ocr_line' id='line_1_9' title="bbox 101 1172 1149 1261; baseline 0.005 -26"><span class='ocrx_word' id='word_1_63' title='bbox 101 1172 192 1251; x_wconf 61' lang='lat' dir='ltr'><strong>matr,</strong></span> <span class='ocrx_word' id='word_1_64' title='bbox 209 1175 257 1240; x_wconf 86' lang='lat' dir='ltr'><strong>vel</strong></span> <span class='ocrx_word' id='word_1_65' title='bbox 272 1176 369 1240; x_wconf 90' lang='lat' dir='ltr'><strong>etiarn</strong></span> <span class='ocrx_word' id='word_1_66' title='bbox 394 1175 498 1239; x_wconf 88' lang='lat' dir='ltr'><strong>solum</strong></span> <span class='ocrx_word' id='word_1_67' title='bbox 521 1173 743 1260; x_wconf 82' lang='lat' dir='ltr'><strong>propositione</strong></span> <span class='ocrx_word' id='word_1_68' title='bbox 766 1175 915 1261; x_wconf 90' lang='lat' dir='ltr'><strong>opposita</strong></span> <span class='ocrx_word' id='word_1_69' title='bbox 931 1174 1149 1261; x_wconf 82' lang='lat' dir='ltr'><strong>probabilior,</strong></span> 
     </span>
    </p>

    <p class='ocr_par' dir='ltr' id='par_1_4' title="bbox 10 1269 1152 2413">
     <span class='ocr_line' id='line_1_10' title="bbox 10 1269 1152 1366; baseline 0.004 -25"><span class='ocrx_word' id='word_1_70' title='bbox 10 1301 63 1346; x_wconf 78' lang='lat' dir='ltr'><strong>‚sao</strong></span> <span class='ocrx_word' id='word_1_71' title='bbox 101 1269 229 1342; x_wconf 52' lang='lat' dir='ltr'><strong>lFlorum</strong></span> <span class='ocrx_word' id='word_1_72' title='bbox 247 1289 418 1344; x_wconf 88' lang='lat' dir='ltr'><strong>auctorum</strong></span> <span class='ocrx_word' id='word_1_73' title='bbox 438 1282 595 1345; x_wconf 89' lang='lat' dir='ltr'><strong>sententia</strong></span> <span class='ocrx_word' id='word_1_74' title='bbox 612 1279 813 1358; x_wconf 87' lang='lat' dir='ltr'><strong>enunciatio,</strong></span> <span class='ocrx_word' id='word_1_75' title='bbox 829 1301 914 1366; x_wconf 85' lang='lat' dir='ltr'><strong>quae</strong></span> <span class='ocrx_word' id='word_1_76' title='bbox 930 1279 1004 1346; x_wconf 90' lang='lat' dir='ltr'><strong>inde</strong></span> <span class='ocrx_word' id='word_1_77' title='bbox 1021 1280 1152 1346; x_wconf 83' lang='lat' dir='ltr'><strong>descen—</strong></span> 
     </span>
     <span class='ocr_line' id='line_1_11' title="bbox 10 1364 1148 1472; baseline 0.002 -24"><span class='ocrx_word' id='word_1_78' title='bbox 10 1383 75 1449; x_wconf 73' lang='lat' dir='ltr'><strong>fasod</strong></span> <span class='ocrx_word' id='word_1_79' title='bbox 104 1364 141 1451; x_wconf 66' lang='lat' dir='ltr'><strong>lli</strong></span> <span class='ocrx_word' id='word_1_80' title='bbox 152 1379 269 1450; x_wconf 84' lang='lat' dir='ltr'><strong>delinita</strong></span> <span class='ocrx_word' id='word_1_81' title='bbox 286 1385 497 1472; x_wconf 88' lang='lat' dir='ltr'><strong>impossibilis</strong></span> <span class='ocrx_word' id='word_1_82' title='bbox 514 1386 672 1451; x_wconf 86' lang='lat' dir='ltr'><strong>censenda</strong></span> <span class='ocrx_word' id='word_1_83' title='bbox 690 1394 751 1451; x_wconf 85' lang='lat' dir='ltr'><strong>est.</strong></span> <span class='ocrx_word' id='word_1_84' title='bbox 769 1385 922 1471; x_wconf 83' lang='lat' dir='ltr'><strong>Plerique</strong></span> <span class='ocrx_word' id='word_1_85' title='bbox 943 1394 1048 1450; x_wconf 65' lang='lat' dir='ltr'><strong>umen</strong></span> <span class='ocrx_word' id='word_1_86' title='bbox 1071 1386 1148 1451; x_wconf 86' lang='lat' dir='ltr'><strong>huic</strong></span> 
     </span>
     <span class='ocr_line' id='line_1_12' title="bbox 10 1476 1151 1577; baseline 0.004 -26"><span class='ocrx_word' id='word_1_87' title='bbox 10 1489 81 1551; x_wconf 74' lang='lat' dir='ltr'><strong>con·</strong></span> <span class='ocrx_word' id='word_1_88' title='bbox 107 1476 224 1572; x_wconf 75' lang='lat' dir='ltr'><strong>tr&#39;nipio</strong></span> <span class='ocrx_word' id='word_1_89' title='bbox 245 1489 453 1576; x_wconf 77' lang='lat' dir='ltr'><strong>refragantur</strong></span> <span class='ocrx_word' id='word_1_90' title='bbox 476 1491 692 1568; x_wconf 86' lang='lat' dir='ltr'><strong>vehementer,</strong></span> <span class='ocrx_word' id='word_1_91' title='bbox 717 1488 839 1575; x_wconf 88' lang='lat' dir='ltr'><strong>quibus</strong></span> <span class='ocrx_word' id='word_1_92' title='bbox 864 1489 988 1554; x_wconf 88' lang='lat' dir='ltr'><strong>scilicet</strong></span> <span class='ocrx_word' id='word_1_93' title='bbox 1011 1489 1052 1555; x_wconf 92' lang='lat' dir='ltr'><strong>ad</strong></span> <span class='ocrx_word' id='word_1_94' title='bbox 1079 1511 1151 1577; x_wconf 90' lang='lat' dir='ltr'><strong>pos-</strong></span> 
     </span>
     <span class='ocr_line' id='line_1_13' title="bbox 10 1582 1150 1686; baseline 0.009 -34"><span class='ocrx_word' id='word_1_95' title='bbox 10 1589 73 1653; x_wconf 78' lang='lat' dir='ltr'><strong>deli</strong></span> <span class='ocrx_word' id='word_1_96' title='bbox 109 1582 248 1659; x_wconf 63' lang='lat' dir='ltr'><strong>il&#39;ltatem</strong></span> <span class='ocrx_word' id='word_1_97' title='bbox 270 1595 467 1661; x_wconf 89' lang='lat' dir='ltr'><strong>definitionis</strong></span> <span class='ocrx_word' id='word_1_98' title='bbox 490 1596 697 1660; x_wconf 87' lang='lat' dir='ltr'><strong>obtinendam</strong></span> <span class='ocrx_word' id='word_1_99' title='bbox 722 1596 802 1661; x_wconf 91' lang='lat' dir='ltr'><strong>satis</strong></span> <span class='ocrx_word' id='word_1_100' title='bbox 826 1604 890 1674; x_wconf 92' lang='lat' dir='ltr'><strong>est,</strong></span> <span class='ocrx_word' id='word_1_101' title='bbox 916 1605 954 1662; x_wconf 88' lang='lat' dir='ltr'><strong>nt</strong></span> <span class='ocrx_word' id='word_1_102' title='bbox 970 1597 1150 1686; x_wconf 88' lang='lat' dir='ltr'><strong>propositio</strong></span> 
     </span>
     <span class='ocr_line' id='line_1_14' title="bbox 68 1683 1149 1786; baseline 0.015 -37"><span class='ocrx_word' id='word_1_103' title='bbox 68 1762 73 1773; x_wconf 30' lang='grc' dir='ltr'>ι</span> <span class='ocrx_word' id='word_1_104' title='bbox 103 1683 332 1762; x_wconf 89' lang='lat' dir='ltr'><strong>tlcbristianam</strong></span> <span class='ocrx_word' id='word_1_105' title='bbox 354 1698 543 1784; x_wconf 83' lang='lat' dir='ltr'><strong>religionem</strong></span> <span class='ocrx_word' id='word_1_106' title='bbox 571 1708 718 1786; x_wconf 90' lang='lat' dir='ltr'><strong>spectans</strong></span> <span class='ocrx_word' id='word_1_107' title='bbox 741 1699 898 1785; x_wconf 89' lang='lat' dir='ltr'><strong>implicite</strong></span> <span class='ocrx_word' id='word_1_108' title='bbox 922 1700 955 1764; x_wconf 91' lang='lat' dir='ltr'><strong>in</strong></span> <span class='ocrx_word' id='word_1_109' title='bbox 979 1694 1149 1786; x_wconf 77' lang='lat' dir='ltr'><strong>Scriptura</strong></span> 
     </span>
     <span class='ocr_line' id='line_1_15' title="bbox 13 1793 1149 1886; baseline 0.002 -20"><span class='ocrx_word' id='word_1_110' title='bbox 13 1812 70 1880; x_wconf 76' lang='lat' dir='ltr'><strong>ests</strong></span> <span class='ocrx_word' id='word_1_111' title='bbox 94 1793 168 1859; x_wconf 69' lang='lat' dir='ltr'><strong>¹tila</strong></span> <span class='ocrx_word' id='word_1_112' title='bbox 190 1802 369 1867; x_wconf 78' lang='lat' dir='ltr'><strong>traditione</strong></span> <span class='ocrx_word' id='word_1_113' title='bbox 393 1804 614 1886; x_wconf 82' lang='lat' dir='ltr'><strong>contineatur3</strong></span> <span class='ocrx_word' id='word_1_114' title='bbox 636 1804 686 1869; x_wconf 91' lang='lat' dir='ltr'><strong>vel</strong></span> <span class='ocrx_word' id='word_1_115' title='bbox 709 1804 822 1869; x_wconf 91' lang='lat' dir='ltr'><strong>saltem</strong></span> <span class='ocrx_word' id='word_1_116' title='bbox 838 1813 877 1868; x_wconf 94' lang='lat' dir='ltr'><strong>ut</strong></span> <span class='ocrx_word' id='word_1_117' title='bbox 899 1825 941 1870; x_wconf 84' lang='lat' dir='ltr'><strong>ex</strong></span> <span class='ocrx_word' id='word_1_118' title='bbox 964 1813 1052 1871; x_wconf 88' lang='lat' dir='ltr'><strong>certa</strong></span> <span class='ocrx_word' id='word_1_119' title='bbox 1074 1802 1149 1870; x_wconf 89' lang='lat' dir='ltr'><strong>fidei</strong></span> 
     </span>
     <span class='ocr_line' id='line_1_16' title="bbox 10 1899 1147 1999; baseline 0.004 -28"><span class='ocrx_word' id='word_1_120' title='bbox 10 1919 17 1971; x_wconf 86' lang='lat' dir='ltr'><strong>t</strong></span> <span class='ocrx_word' id='word_1_121' title='bbox 29 1908 68 1999; x_wconf 58' lang='grc' dir='ltr'><strong>μ’</strong></span> <span class='ocrx_word' id='word_1_122' title='bbox 90 1902 277 1983; x_wconf 66' lang='lat' dir='ltr'><strong>propositione</strong></span> <span class='ocrx_word' id='word_1_123' title='bbox 293 1917 393 1994; x_wconf 91' lang='lat' dir='ltr'><strong>atque</strong></span> <span class='ocrx_word' id='word_1_124' title='bbox 409 1932 450 1974; x_wconf 84' lang='lat' dir='ltr'><strong>ex</strong></span> <span class='ocrx_word' id='word_1_125' title='bbox 467 1909 568 1975; x_wconf 92' lang='lat' dir='ltr'><strong>altera</strong></span> <span class='ocrx_word' id='word_1_126' title='bbox 589 1910 736 1976; x_wconf 89' lang='lat' dir='ltr'><strong>evidente</strong></span> <span class='ocrx_word' id='word_1_127' title='bbox 754 1909 937 1976; x_wconf 88' lang='lat' dir='ltr'><strong>deducatur</strong></span> <span class='ocrx_word' id='word_1_128' title='bbox 952 1899 1147 1989; x_wconf 85' lang='lat' dir='ltr'><strong>necessario,</strong></span> 
     </span>
     <span class='ocr_line' id='line_1_17' title="bbox 10 1999 1149 2111; baseline -0.004 -30"><span class='ocrx_word' id='word_1_129' title='bbox 10 2000 68 2111; x_wconf 59' lang='lat' dir='ltr'><strong>eqd</strong></span> <span class='ocrx_word' id='word_1_130' title='bbox 89 1999 132 2066; x_wconf 78' lang='lat' dir='ltr'><strong>tite</strong></span> <span class='ocrx_word' id='word_1_131' title='bbox 147 2003 271 2080; x_wconf 80' lang='lat' dir='ltr'><strong>isthaec</strong></span> <span class='ocrx_word' id='word_1_132' title='bbox 292 2014 455 2081; x_wconf 87' lang='lat' dir='ltr'><strong>evidentia</strong></span> <span class='ocrx_word' id='word_1_133' title='bbox 479 2038 497 2081; x_wconf 92' lang='lat' dir='ltr'><strong>e</strong></span> <span class='ocrx_word' id='word_1_134' title='bbox 520 2015 605 2082; x_wconf 84' lang='lat' dir='ltr'><strong>facto</strong></span> <span class='ocrx_word' id='word_1_135' title='bbox 629 2026 769 2103; x_wconf 81' lang='lat' dir='ltr'><strong>exurgat</strong></span> <span class='ocrx_word' id='word_1_136' title='bbox 792 2018 826 2081; x_wconf 90' lang='lat' dir='ltr'><strong>in</strong></span> <span class='ocrx_word' id='word_1_137' title='bbox 849 2016 995 2082; x_wconf 80' lang='lat' dir='ltr'><strong>Ecclesia</strong></span> <span class='ocrx_word' id='word_1_138' title='bbox 1019 2015 1149 2082; x_wconf 60' lang='lat' dir='ltr'><strong>notissis</strong></span> 
     </span>
     <span class='ocr_line' id='line_1_18' title="bbox 10 2111 1145 2208; baseline -0.004 -18"><span class='ocrx_word' id='word_1_139' title='bbox 10 2146 63 2193; x_wconf 71' lang='lat' dir='ltr'><strong>ers</strong></span> <span class='ocrx_word' id='word_1_140' title='bbox 87 2124 135 2182; x_wconf 64' lang='lat'><strong>¹⁰,</strong></span> <span class='ocrx_word' id='word_1_141' title='bbox 151 2111 223 2181; x_wconf 77' lang='lat' dir='ltr'><strong>sive</strong></span> <span class='ocrx_word' id='word_1_142' title='bbox 245 2120 375 2186; x_wconf 90' lang='lat' dir='ltr'><strong>moralis</strong></span> <span class='ocrx_word' id='word_1_143' title='bbox 398 2120 560 2186; x_wconf 88' lang='lat' dir='ltr'><strong>evidentia</strong></span> <span class='ocrx_word' id='word_1_144' title='bbox 584 2123 626 2186; x_wconf 89' lang='lat' dir='ltr'><strong>sit</strong></span> <span class='ocrx_word' id='word_1_145' title='bbox 649 2143 733 2208; x_wconf 89' lang='lat' dir='ltr'><strong>quae</strong></span> <span class='ocrx_word' id='word_1_146' title='bbox 758 2143 884 2186; x_wconf 91' lang='lat' dir='ltr'><strong>ornnem</strong></span> <span class='ocrx_word' id='word_1_147' title='bbox 919 2142 1055 2208; x_wconf 90' lang='lat' dir='ltr'><strong>prorsus</strong></span> <span class='ocrx_word' id='word_1_148' title='bbox 1078 2119 1145 2186; x_wconf 82' lang='lat' dir='ltr'><strong>for·</strong></span> 
     </span>
     <span class='ocr_line' id='line_1_19' title="bbox 27 2208 1148 2313; baseline 0.009 -31"><span class='ocrx_word' id='word_1_149' title='bbox 27 2226 67 2307; x_wconf 55' lang='lat' dir='ltr'><strong>sis</strong></span> <span class='ocrx_word' id='word_1_150' title='bbox 88 2208 208 2283; x_wconf 60' lang='lat' dir='ltr'><strong>filinam</strong></span> <span class='ocrx_word' id='word_1_151' title='bbox 240 2225 395 2290; x_wconf 92' lang='lat' dir='ltr'><strong>contrarii</strong></span> <span class='ocrx_word' id='word_1_152' title='bbox 411 2224 581 2310; x_wconf 80' lang='lat' dir='ltr'><strong>excludat3</strong></span> <span class='ocrx_word' id='word_1_153' title='bbox 601 2225 700 2313; x_wconf 92' lang='lat' dir='ltr'><strong>idque</strong></span> <span class='ocrx_word' id='word_1_154' title='bbox 723 2226 851 2291; x_wconf 89' lang='lat' dir='ltr'><strong>etiamsi</strong></span> <span class='ocrx_word' id='word_1_155' title='bbox 873 2226 971 2313; x_wconf 92' lang='lat' dir='ltr'><strong>pauci</strong></span> <span class='ocrx_word' id='word_1_156' title='bbox 994 2225 1148 2292; x_wconf 83' lang='lat' dir='ltr'><strong>catholici</strong></span> 
     </span>
     <span class='ocr_line' id='line_1_20' title="bbox 10 2311 1147 2413; baseline 0.005 -22"><span class='ocrx_word' id='word_1_157' title='bbox 10 2362 62 2413; x_wconf 66' lang='lat' dir='ltr'><strong>,lup</strong></span> <span class='ocrx_word' id='word_1_158' title='bbox 90 2311 165 2381; x_wconf 57' lang='grc' dir='ltr'><strong>ΜΗ</strong></span> <span class='ocrx_word' id='word_1_159' title='bbox 179 2319 338 2395; x_wconf 81' lang='lat' dir='ltr'><strong>dubitent</strong></span> <span class='ocrx_word' id='word_1_160' title='bbox 353 2330 526 2408; x_wconf 85' lang='lat' dir='ltr'><strong>evidentia,</strong></span> <span class='ocrx_word' id='word_1_161' title='bbox 545 2351 603 2394; x_wconf 92' lang='lat' dir='ltr'><strong>sen</strong></span> <span class='ocrx_word' id='word_1_162' title='bbox 620 2329 659 2396; x_wconf 90' lang='lat' dir='ltr'><strong>de</strong></span> <span class='ocrx_word' id='word_1_163' title='bbox 677 2331 791 2395; x_wconf 91' lang='lat' dir='ltr'><strong>intimo</strong></span> <span class='ocrx_word' id='word_1_164' title='bbox 803 2351 840 2396; x_wconf 90' lang='lat' dir='ltr'><strong>ac</strong></span> <span class='ocrx_word' id='word_1_165' title='bbox 857 2330 1041 2396; x_wconf 90' lang='lat' dir='ltr'><strong>necessario</strong></span> <span class='ocrx_word' id='word_1_166' title='bbox 1058 2352 1147 2397; x_wconf 84' lang='lat' dir='ltr'><strong>nexu</strong></span> 
     </span>
    </p>
   </div>
   <div class='ocr_carea' id='block_1_3' title="bbox 10 2416 1155 3165">
    <p class='ocr_par' dir='ltr' id='par_1_5' title="bbox 10 2416 1155 2624">
     <span class='ocr_line' id='line_1_21' title="bbox 10 2416 1155 2523; baseline 0.001 -23"><span class='ocrx_word' id='word_1_167' title='bbox 10 2455 64 2520; x_wconf 61' lang='lat' dir='ltr'><strong>ju,</strong></span> <span class='ocrx_word' id='word_1_168' title='bbox 94 2438 134 2507; x_wconf 63' lang='grc' dir='ltr'><strong>Ψ</strong></span> <span class='ocrx_word' id='word_1_169' title='bbox 148 2416 199 2489; x_wconf 73' lang='lat' dir='ltr'><strong>llll</strong></span> <span class='ocrx_word' id='word_1_170' title='bbox 216 2431 362 2500; x_wconf 89' lang='lat' dir='ltr'><strong>doctrina</strong></span> <span class='ocrx_word' id='word_1_171' title='bbox 384 2456 460 2501; x_wconf 89' lang='lat' dir='ltr'><strong>cnm</strong></span> <span class='ocrx_word' id='word_1_172' title='bbox 479 2435 676 2501; x_wconf 86' lang='lat' dir='ltr'><strong>veritatibus</strong></span> <span class='ocrx_word' id='word_1_173' title='bbox 692 2456 846 2523; x_wconf 87' lang='lat' dir='ltr'><strong>expresse</strong></span> <span class='ocrx_word' id='word_1_174' title='bbox 863 2457 882 2500; x_wconf 88' lang='lat' dir='ltr'><strong>a</strong></span> <span class='ocrx_word' id='word_1_175' title='bbox 899 2436 968 2502; x_wconf 90' lang='lat' dir='ltr'><strong>Deo</strong></span> <span class='ocrx_word' id='word_1_176' title='bbox 992 2433 1155 2502; x_wconf 73' lang='lat' dir='ltr'><strong>revelatis.</strong></span> 
     </span>
     <span class='ocr_line' id='line_1_22' title="bbox 10 2516 241 2624; baseline -0.004 -5"><span class='ocrx_word' id='word_1_177' title='bbox 10 2561 73 2624; x_wconf 57' lang='lat' dir='ltr'><strong>sa.</strong></span> <span class='ocrx_word' id='word_1_178' title='bbox 103 2516 241 2609; x_wconf 53' lang='lat' dir='ltr'><strong>*hiuf-</strong></span> 
     </span>
    </p>

    <p class='ocr_par' dir='ltr' id='par_1_6' title="bbox 10 2627 1153 3165">
     <span class='ocr_line' id='line_1_23' title="bbox 10 2627 1153 2731; baseline 0.002 -25"><span class='ocrx_word' id='word_1_179' title='bbox 10 2630 80 2729; x_wconf 47' lang='lat' dir='ltr'><strong>fias</strong></span> <span class='ocrx_word' id='word_1_180' title='bbox 155 2627 310 2708; x_wconf 75' lang='lat' dir='ltr'><strong>Posterior</strong></span> <span class='ocrx_word' id='word_1_181' title='bbox 327 2643 405 2708; x_wconf 90' lang='lat' dir='ltr'><strong>haec</strong></span> <span class='ocrx_word' id='word_1_182' title='bbox 422 2643 599 2722; x_wconf 85' lang='lat' dir='ltr'><strong>conclusio,</strong></span> <span class='ocrx_word' id='word_1_183' title='bbox 624 2644 745 2731; x_wconf 90' lang='lat' dir='ltr'><strong>quippe</strong></span> <span class='ocrx_word' id='word_1_184' title='bbox 762 2665 847 2730; x_wconf 91' lang='lat' dir='ltr'><strong>quae</strong></span> <span class='ocrx_word' id='word_1_185' title='bbox 868 2644 1002 2710; x_wconf 87' lang='lat' dir='ltr'><strong>maximi</strong></span> <span class='ocrx_word' id='word_1_186' title='bbox 1027 2651 1077 2710; x_wconf 91' lang='lat' dir='ltr'><strong>est</strong></span> <span class='ocrx_word' id='word_1_187' title='bbox 1092 2665 1153 2709; x_wconf 77' lang='lat' dir='ltr'><strong>no·—</strong></span> 
     </span>
     <span class='ocr_line' id='line_1_24' title="bbox 10 2730 1146 2835; baseline -0.004 -19"><span class='ocrx_word' id='word_1_188' title='bbox 10 2773 77 2835; x_wconf 61' lang='lat' dir='ltr'><strong>mss</strong></span> <span class='ocrx_word' id='word_1_189' title='bbox 105 2730 167 2827; x_wconf 64' lang='lat' dir='ltr'><strong>pilli</strong></span> <span class='ocrx_word' id='word_1_190' title='bbox 182 2742 345 2825; x_wconf 82' lang='lat' dir='ltr'><strong>pluribus,</strong></span> <span class='ocrx_word' id='word_1_191' title='bbox 362 2748 469 2834; x_wconf 90' lang='lat' dir='ltr'><strong>iisque</strong></span> <span class='ocrx_word' id='word_1_192' title='bbox 485 2749 684 2834; x_wconf 75' lang='lat' dir='ltr'><strong>gravissimis</strong></span> <span class='ocrx_word' id='word_1_193' title='bbox 705 2750 912 2815; x_wconf 80' lang='lat' dir='ltr'><strong>auctoritatis</strong></span> <span class='ocrx_word' id='word_1_194' title='bbox 929 2770 967 2815; x_wconf 90' lang='lat' dir='ltr'><strong>ac</strong></span> <span class='ocrx_word' id='word_1_195' title='bbox 982 2750 1146 2816; x_wconf 86' lang='lat' dir='ltr'><strong>rationum</strong></span> 
     </span>
     <span class='ocr_line' id='line_1_25' title="bbox 10 2838 1147 3165; baseline -0.003 -244"><span class='ocrx_word' id='word_1_196' title='bbox 10 2838 79 3165; x_wconf 50' lang='grc' dir='ltr'><strong>παῖ’</strong></span> <span class='ocrx_word' id='word_1_197' title='bbox 103 2848 227 2915; x_wconf 74' lang='lat' dir='ltr'><strong>mentis</strong></span> <span class='ocrx_word' id='word_1_198' title='bbox 248 2851 471 2938; x_wconf 83' lang='lat' dir='ltr'><strong>exemplisque</strong></span> <span class='ocrx_word' id='word_1_199' title='bbox 488 2874 506 2916; x_wconf 93' lang='lat' dir='ltr'><strong>a</strong></span> <span class='ocrx_word' id='word_1_200' title='bbox 524 2852 593 2918; x_wconf 91' lang='lat' dir='ltr'><strong>suis</strong></span> <span class='ocrx_word' id='word_1_201' title='bbox 616 2853 762 2939; x_wconf 91' lang='lat' dir='ltr'><strong>patronis</strong></span> <span class='ocrx_word' id='word_1_202' title='bbox 785 2852 971 2919; x_wconf 90' lang='lat' dir='ltr'><strong>adstruitur</strong></span> <span class='ocrx_word' id='word_1_203' title='bbox 993 2851 1147 2941; x_wconf 81' lang='lat' dir='ltr'><strong>atqueil·</strong></span> 
     </span>
     <span class='ocr_line' id='line_1_26' title="bbox 10 2954 289 3044; baseline -0.004 -24"><span class='ocrx_word' id='word_1_204' title='bbox 10 2981 51 3025; x_wconf 79' lang='lat' dir='ltr'><strong>:nr</strong></span> <span class='ocrx_word' id='word_1_205' title='bbox 101 2954 221 3020; x_wconf 76' lang='lat' dir='ltr'><strong>tutatur</strong></span> <span class='ocrx_word' id='word_1_206' title='bbox 235 2954 289 3044; x_wconf 72' lang='lat' dir='ltr'><strong>ll).</strong></span> 
     </span>
    </p>
   </div>
   <div class='ocr_carea' id='block_1_4' title="bbox 10 3055 1147 3283">
    <p class='ocr_par' dir='ltr' id='par_1_7' title="bbox 10 3055 1147 3283">
     <span class='ocr_line' id='line_1_27' title="bbox 10 3055 1145 3150; baseline 0.003 -27"><span class='ocrx_word' id='word_1_207' title='bbox 10 3080 38 3123; x_wconf 70' lang='grc' dir='ltr'><em>ἰ</em></span> <span class='ocrx_word' id='word_1_208' title='bbox 158 3055 269 3127; x_wconf 81' lang='lat' dir='ltr'><strong>Ceteris</strong></span> <span class='ocrx_word' id='word_1_209' title='bbox 303 3080 402 3149; x_wconf 90' lang='lat' dir='ltr'><strong>porro</strong></span> <span class='ocrx_word' id='word_1_210' title='bbox 429 3060 599 3128; x_wconf 79' lang='lat' dir='ltr'><strong>brevitatis</strong></span> <span class='ocrx_word' id='word_1_211' title='bbox 623 3084 700 3148; x_wconf 81' lang='lat' dir='ltr'><strong>ergo</strong></span> <span class='ocrx_word' id='word_1_212' title='bbox 723 3061 980 3150; x_wconf 86' lang='lat' dir='ltr'><strong>praetermissis,</strong></span> <span class='ocrx_word' id='word_1_213' title='bbox 1004 3083 1075 3127; x_wconf 91' lang='lat' dir='ltr'><strong>eam</strong></span> <span class='ocrx_word' id='word_1_214' title='bbox 1103 3083 1145 3127; x_wconf 85' lang='lat' dir='ltr'><strong>ex</strong></span> 
     </span>
     <span class='ocr_line' id='line_1_28' title="bbox 10 3159 1147 3283; baseline 0.004 -59"><span class='ocrx_word' id='word_1_215' title='bbox 10 3174 49 3283; x_wconf 62' lang='lat' dir='ltr'><strong>ep</strong></span> <span class='ocrx_word' id='word_1_216' title='bbox 90 3159 440 3257; x_wconf 42' lang='lat' dir='ltr'><strong>generalibusqeviucunt</strong></span> <span class='ocrx_word' id='word_1_217' title='bbox 462 3165 630 3251; x_wconf 91' lang='lat' dir='ltr'><strong>promissis</strong></span> <span class='ocrx_word' id='word_1_218' title='bbox 657 3187 741 3251; x_wconf 91' lang='lat' dir='ltr'><strong>qnae</strong></span> <span class='ocrx_word' id='word_1_219' title='bbox 765 3165 916 3231; x_wconf 85' lang='lat' dir='ltr'><strong>Christus</strong></span> <span class='ocrx_word' id='word_1_220' title='bbox 940 3186 1036 3252; x_wconf 86' lang='lat' dir='ltr'><strong>saepe</strong></span> <span class='ocrx_word' id='word_1_221' title='bbox 1067 3162 1147 3230; x_wconf 83' lang='lat' dir='ltr'><strong>lecit</strong></span> 
     </span>
    </p>
   </div>
   <div class='ocr_carea' id='block_1_5' title="bbox 10 3265 1170 3358">
    <p class='ocr_par' dir='ltr' id='par_1_8' title="bbox 10 3265 1170 3358">
     <span class='ocr_line' id='line_1_29' title="bbox 10 3265 1170 3358; baseline -0.003 -21"><span class='ocrx_word' id='word_1_222' title='bbox 10 3280 14 3301; x_wconf 72' lang='lat'><em>*</em></span> <span class='ocrx_word' id='word_1_223' title='bbox 85 3265 222 3337; x_wconf 72' lang='lat' dir='ltr'><strong>Ecclesiae</strong></span> <span class='ocrx_word' id='word_1_224' title='bbox 249 3267 289 3333; x_wconf 92' lang='lat' dir='ltr'><strong>de</strong></span> <span class='ocrx_word' id='word_1_225' title='bbox 313 3267 384 3354; x_wconf 78' lang='lat' dir='ltr'><strong>iugi</strong></span> <span class='ocrx_word' id='word_1_226' title='bbox 406 3268 636 3355; x_wconf 86' lang='lat' dir='ltr'><strong>praesentique</strong></span> <span class='ocrx_word' id='word_1_227' title='bbox 660 3269 803 3356; x_wconf 91' lang='lat' dir='ltr'><strong>Spiritus</strong></span> <span class='ocrx_word' id='word_1_228' title='bbox 827 3268 936 3334; x_wconf 85' lang='lat' dir='ltr'><strong>Sancti</strong></span> <span class='ocrx_word' id='word_1_229' title='bbox 963 3288 1025 3355; x_wconf 91' lang='lat' dir='ltr'><strong>ope</strong></span> <span class='ocrx_word' id='word_1_230' title='bbox 1048 3275 1170 3358; x_wconf 51' lang='lat' dir='ltr'><strong>atquex</strong></span> 
     </span>
    </p>
   </div>
   <div class='ocr_carea' id='block_1_6' title="bbox 14 3371 1149 3980">
    <p class='ocr_par' dir='ltr' id='par_1_9' title="bbox 14 3371 1149 3980">
     <span class='ocr_line' id='line_1_30' title="bbox 81 3371 1147 3462; baseline -0.006 -18"><span class='ocrx_word' id='word_1_231' title='bbox 81 3373 184 3443; x_wconf 80' lang='lat' dir='ltr'><strong>auxilio</strong></span> <span class='ocrx_word' id='word_1_232' title='bbox 205 3372 298 3439; x_wconf 88' lang='lat' dir='ltr'><strong>iniis</strong></span> <span class='ocrx_word' id='word_1_233' title='bbox 314 3371 477 3452; x_wconf 90' lang='lat' dir='ltr'><strong>omnibns,</strong></span> <span class='ocrx_word' id='word_1_234' title='bbox 499 3395 583 3460; x_wconf 90' lang='lat' dir='ltr'><strong>quae</strong></span> <span class='ocrx_word' id='word_1_235' title='bbox 600 3374 641 3438; x_wconf 90' lang='lat' dir='ltr'><strong>ad</strong></span> <span class='ocrx_word' id='word_1_236' title='bbox 661 3375 755 3439; x_wconf 87' lang='lat' dir='ltr'><strong>fidem</strong></span> <span class='ocrx_word' id='word_1_237' title='bbox 778 3395 950 3462; x_wconf 88' lang='lat' dir='ltr'><strong>moresque</strong></span> <span class='ocrx_word' id='word_1_238' title='bbox 973 3374 1147 3461; x_wconf 83' lang='lat' dir='ltr'><strong>pertinent,</strong></span> 
     </span>
     <span class='ocr_line' id='line_1_31' title="bbox 76 3476 1149 3570; baseline -0.004 -23"><span class='ocrx_word' id='word_1_239' title='bbox 76 3483 139 3570; x_wconf 76' lang='lat' dir='ltr'><strong>puin</strong></span> <span class='ocrx_word' id='word_1_240' title='bbox 163 3476 197 3543; x_wconf 92' lang='lat' dir='ltr'><strong>id</strong></span> <span class='ocrx_word' id='word_1_241' title='bbox 221 3476 261 3542; x_wconf 92' lang='lat' dir='ltr'><strong>ad</strong></span> <span class='ocrx_word' id='word_1_242' title='bbox 283 3498 322 3542; x_wconf 90' lang='lat' dir='ltr'><strong>ea</strong></span> <span class='ocrx_word' id='word_1_243' title='bbox 338 3486 572 3562; x_wconf 81' lang='lat' dir='ltr'><strong>coangustatur</strong></span> <span class='ocrx_word' id='word_1_244' title='bbox 588 3499 672 3564; x_wconf 89' lang='lat' dir='ltr'><strong>quae</strong></span> <span class='ocrx_word' id='word_1_245' title='bbox 696 3500 849 3566; x_wconf 83' lang='lat' dir='ltr'><strong>expresse</strong></span> <span class='ocrx_word' id='word_1_246' title='bbox 871 3501 908 3545; x_wconf 92' lang='lat' dir='ltr'><strong>ac</strong></span> <span class='ocrx_word' id='word_1_247' title='bbox 931 3478 1052 3544; x_wconf 90' lang='lat' dir='ltr'><strong>diserte</strong></span> <span class='ocrx_word' id='word_1_248' title='bbox 1073 3486 1149 3544; x_wconf 87' lang='lat' dir='ltr'><strong>sunt</strong></span> 
     </span>
     <span class='ocr_line' id='line_1_32' title="bbox 73 3580 1148 3670; baseline -0.005 -18"><span class='ocrx_word' id='word_1_249' title='bbox 73 3584 214 3660; x_wconf 79' lang='lat' dir='ltr'><strong>resclata,</strong></span> <span class='ocrx_word' id='word_1_250' title='bbox 227 3589 285 3646; x_wconf 92' lang='lat' dir='ltr'><strong>aut</strong></span> <span class='ocrx_word' id='word_1_251' title='bbox 300 3580 341 3646; x_wconf 92' lang='lat' dir='ltr'><strong>ad</strong></span> <span class='ocrx_word' id='word_1_252' title='bbox 359 3603 398 3647; x_wconf 89' lang='lat' dir='ltr'><strong>ea</strong></span> <span class='ocrx_word' id='word_1_253' title='bbox 413 3589 539 3646; x_wconf 90' lang='lat' dir='ltr'><strong>tantum</strong></span> <span class='ocrx_word' id='word_1_254' title='bbox 556 3603 641 3668; x_wconf 90' lang='lat' dir='ltr'><strong>quae</strong></span> <span class='ocrx_word' id='word_1_255' title='bbox 656 3583 867 3670; x_wconf 75' lang='lat' dir='ltr'><strong>metaphysica</strong></span> <span class='ocrx_word' id='word_1_256' title='bbox 885 3603 922 3647; x_wconf 91' lang='lat' dir='ltr'><strong>ac</strong></span> <span class='ocrx_word' id='word_1_257' title='bbox 934 3583 1066 3670; x_wconf 72' lang='lat' dir='ltr'><strong>physica</strong></span> <span class='ocrx_word' id='word_1_258' title='bbox 1083 3581 1148 3647; x_wconf 86' lang='lat' dir='ltr'><strong>evi-</strong></span> 
     </span>
     <span class='ocr_line' id='line_1_33' title="bbox 14 3670 1147 3772; baseline -0.008 -14"><span class='ocrx_word' id='word_1_259' title='bbox 14 3670 25 3723; x_wconf 80' lang='lat'><strong>.‘</strong></span> <span class='ocrx_word' id='word_1_260' title='bbox 71 3688 162 3757; x_wconf 87' lang='lat' dir='ltr'><strong>lentia</strong></span> <span class='ocrx_word' id='word_1_261' title='bbox 185 3706 264 3751; x_wconf 87' lang='lat' dir='ltr'><strong>cum</strong></span> <span class='ocrx_word' id='word_1_262' title='bbox 280 3685 322 3751; x_wconf 90' lang='lat' dir='ltr'><strong>iis</strong></span> <span class='ocrx_word' id='word_1_263' title='bbox 339 3693 588 3751; x_wconf 90' lang='lat' dir='ltr'><strong>connectuntur.</strong></span> <span class='ocrx_word' id='word_1_264' title='bbox 605 3684 775 3752; x_wconf 89' lang='lat' dir='ltr'><strong>Eiusmodi</strong></span> <span class='ocrx_word' id='word_1_265' title='bbox 793 3695 879 3766; x_wconf 89' lang='lat' dir='ltr'><strong>sunt,</strong></span> <span class='ocrx_word' id='word_1_266' title='bbox 893 3706 976 3772; x_wconf 90' lang='lat' dir='ltr'><strong>quae</strong></span> <span class='ocrx_word' id='word_1_267' title='bbox 989 3685 1147 3751; x_wconf 88' lang='lat' dir='ltr'><strong>Matthaei</strong></span> 
     </span>
     <span class='ocr_line' id='line_1_34' title="bbox 69 3787 1145 3878; baseline -0.004 -19"><span class='ocrx_word' id='word_1_268' title='bbox 69 3794 168 3861; x_wconf 78' lang='lat' dir='ltr'><strong>ultimo</strong></span> <span class='ocrx_word' id='word_1_269' title='bbox 180 3789 348 3874; x_wconf 74' lang='lat' dir='ltr'><strong>legunturz</strong></span> <span class='ocrx_word' id='word_1_270' title='bbox 360 3789 439 3854; x_wconf 82' lang='lat' dir='ltr'><strong>Ecca</strong></span> <span class='ocrx_word' id='word_1_271' title='bbox 451 3791 518 3876; x_wconf 73' lang='lat' dir='ltr'><strong>Epo</strong></span> <span class='ocrx_word' id='word_1_272' title='bbox 534 3790 767 3856; x_wconf 81' lang='lat' dir='ltr'><strong>oobtscamsum</strong></span> <span class='ocrx_word' id='word_1_273' title='bbox 777 3787 988 3878; x_wconf 82' lang='lat' dir='ltr'><strong>(docentibus)</strong></span> <span class='ocrx_word' id='word_1_274' title='bbox 1007 3789 1145 3855; x_wconf 78' lang='lat' dir='ltr'><strong>omuibus</strong></span> 
     </span>
     <span class='ocr_line' id='line_1_35' title="bbox 71 3879 1145 3980; baseline -0.005 -17"><span class='ocrx_word' id='word_1_275' title='bbox 71 3897 156 3963; x_wconf 69' lang='lat' dir='ltr'><strong>dolat</strong></span> <span class='ocrx_word' id='word_1_276' title='bbox 180 3914 279 3980; x_wconf 69' lang='lat' dir='ltr'><strong>usquc</strong></span> <span class='ocrx_word' id='word_1_277' title='bbox 299 3894 343 3958; x_wconf 89' lang='lat' dir='ltr'><strong>ad</strong></span> <span class='ocrx_word' id='word_1_278' title='bbox 357 3900 650 3961; x_wconf 79' lang='lat' dir='ltr'><strong>consummationem</strong></span> <span class='ocrx_word' id='word_1_279' title='bbox 666 3897 774 3960; x_wconf 78' lang='lat' dir='ltr'><strong>secoli:</strong></span> <span class='ocrx_word' id='word_1_280' title='bbox 799 3915 935 3960; x_wconf 91' lang='lat' dir='ltr'><strong>necnon</strong></span> <span class='ocrx_word' id='word_1_281' title='bbox 952 3879 998 3958; x_wconf 78' lang='lat' dir='ltr'><strong>lo.</strong></span> <span class='ocrx_word' id='word_1_282' title='bbox 1023 3890 1080 3971; x_wconf 80' lang='lat' dir='ltr'><strong>ll,</strong></span> <span class='ocrx_word' id='word_1_283' title='bbox 1101 3892 1145 3958; x_wconf 79' lang='grc'><strong>26</strong></span> 
     </span>
    </p>
   </div>
   <div class='ocr_carea' id='block_1_7' title="bbox 73 4050 1145 4327">
    <p class='ocr_par' dir='ltr' id='par_1_10' title="bbox 73 4050 1145 4327">
     <span class='ocr_line' id='line_1_36' title="bbox 96 4050 1145 4155; baseline -0.001 -15"><span class='ocrx_word' id='word_1_284' title='bbox 96 4088 129 4155; x_wconf 76' lang='grc' dir='ltr'><strong>(η</strong></span> <span class='ocrx_word' id='word_1_285' title='bbox 147 4088 252 4151; x_wconf 74' lang='lat' dir='ltr'><strong>Legosts</strong></span> <span class='ocrx_word' id='word_1_286' title='bbox 268 4050 316 4139; x_wconf 80' lang='lat' dir='ltr'><strong>Th.</strong></span> <span class='ocrx_word' id='word_1_287' title='bbox 340 4090 440 4140; x_wconf 81' lang='lat' dir='ltr'><strong>Straaat</strong></span> <span class='ocrx_word' id='word_1_288' title='bbox 459 4090 505 4155; x_wconf 85' lang='lat' dir='ltr'><strong>op.</strong></span> <span class='ocrx_word' id='word_1_289' title='bbox 528 4095 571 4141; x_wconf 80' lang='lat' dir='ltr'><strong>ott.</strong></span> <span class='ocrx_word' id='word_1_290' title='bbox 626 4088 659 4142; x_wconf 85' lang='lat' dir='ltr'><strong>de</strong></span> <span class='ocrx_word' id='word_1_291' title='bbox 671 4088 770 4143; x_wconf 82' lang='lat' dir='ltr'><strong>obiecto</strong></span> <span class='ocrx_word' id='word_1_292' title='bbox 782 4086 953 4143; x_wconf 71' lang='lat' dir='ltr'><strong>senatoria</strong></span> <span class='ocrx_word' id='word_1_293' title='bbox 964 4084 1145 4155; x_wconf 68' lang='lat' dir='ltr'><strong>moteriab&#39;fi-</strong></span> 
     </span>
     <span class='ocr_line' id='line_1_37' title="bbox 73 4171 858 4240; baseline 0.003 -15"><span class='ocrx_word' id='word_1_294' title='bbox 73 4171 123 4225; x_wconf 79' lang='lat' dir='ltr'><strong>l·tl</strong></span> <span class='ocrx_word' id='word_1_295' title='bbox 133 4174 178 4225; x_wconf 82' lang='lat' dir='ltr'><strong>tlh·</strong></span> <span class='ocrx_word' id='word_1_296' title='bbox 189 4174 308 4226; x_wconf 68' lang='grc' dir='ltr'><strong>Πίου</strong></span> <span class='ocrx_word' id='word_1_297' title='bbox 321 4174 353 4226; x_wconf 80' lang='lat' dir='ltr'><strong>de</strong></span> <span class='ocrx_word' id='word_1_298' title='bbox 362 4175 401 4225; x_wconf 87' lang='lat' dir='ltr'><strong>bts</strong></span> <span class='ocrx_word' id='word_1_299' title='bbox 413 4176 500 4226; x_wconf 78' lang='lat' dir='ltr'><strong>scribta</strong></span> <span class='ocrx_word' id='word_1_300' title='bbox 509 4177 574 4226; x_wconf 83' lang='lat' dir='ltr'><strong>soa·</strong></span> <span class='ocrx_word' id='word_1_301' title='bbox 628 4175 673 4229; x_wconf 80' lang='lat' dir='ltr'><strong>dci</strong></span> <span class='ocrx_word' id='word_1_302' title='bbox 684 4183 745 4228; x_wconf 83' lang='lat' dir='ltr'><strong>sect.</strong></span> <span class='ocrx_word' id='word_1_303' title='bbox 759 4172 770 4224; x_wconf 89' lang='lat' dir='ltr'><strong>l</strong></span> <span class='ocrx_word' id='word_1_304' title='bbox 789 4189 858 4240; x_wconf 81' lang='lat' dir='ltr'><strong>seqq·</strong></span> 
     </span>
     <span class='ocr_line' id='line_1_38' title="bbox 76 4255 575 4327; baseline 0.008 -18"><span class='ocrx_word' id='word_1_305' title='bbox 76 4262 147 4311; x_wconf 76' lang='lat' dir='ltr'><strong>tulus</strong></span> <span class='ocrx_word' id='word_1_306' title='bbox 155 4263 183 4310; x_wconf 84' lang='lat' dir='ltr'><strong>iu</strong></span> <span class='ocrx_word' id='word_1_307' title='bbox 196 4256 322 4316; x_wconf 81' lang='lat' dir='ltr'><strong>Tractottt</strong></span> <span class='ocrx_word' id='word_1_308' title='bbox 331 4258 398 4316; x_wconf 66' lang='lat' dir='ltr'><strong>aas</strong></span> <span class='ocrx_word' id='word_1_309' title='bbox 397 4259 441 4314; x_wconf 82' lang='lat' dir='ltr'><strong>t&#39;dc</strong></span> <span class='ocrx_word' id='word_1_310' title='bbox 449 4263 547 4327; x_wconf 65' lang='lat' dir='ltr'><strong>niseus.</strong></span> <span class='ocrx_word' id='word_1_311' title='bbox 557 4255 575 4313; x_wconf 84' lang='lat'><strong>2</strong></span> 
     </span>
    </p>
   </div>
   <div class='ocr_carea' id='block_1_8' title="bbox 1196 2673 1379 2956">
    <p class='ocr_par' dir='ltr' id='par_1_11' title="bbox 1197 2673 1368 2802">
     <span class='ocr_line' id='line_1_39' title="bbox 1220 2673 1358 2746; baseline 0.007 -15"><span class='ocrx_word' id='word_1_312' title='bbox 1220 2673 1358 2746; x_wconf 78' lang='lat' dir='ltr'><strong>Quomodo</strong></span> 
     </span>
     <span class='ocr_line' id='line_1_40' title="bbox 1197 2752 1368 2802; baseline -0.006 0"><span class='ocrx_word' id='word_1_313' title='bbox 1197 2752 1368 2802; x_wconf 83' lang='lat' dir='ltr'><strong>constituatur</strong></span> 
     </span>
    </p>

    <p class='ocr_par' dir='ltr' id='par_1_12' title="bbox 1196 2821 1379 2956">
     <span class='ocr_line' id='line_1_41' title="bbox 1217 2821 1367 2873; baseline -0.013 -1"><span class='ocrx_word' id='word_1_314' title='bbox 1217 2821 1367 2873; x_wconf 75' lang='lat' dir='ltr'><strong>sufficientis</strong></span> 
     </span>
     <span class='ocr_line' id='line_1_42' title="bbox 1196 2891 1379 2956; baseline -0.016 -11"><span class='ocrx_word' id='word_1_315' title='bbox 1196 2906 1279 2945; x_wconf 83' lang='lat' dir='ltr'><strong>nexus</strong></span> <span class='ocrx_word' id='word_1_316' title='bbox 1289 2891 1379 2956; x_wconf 82' lang='lat' dir='ltr'><strong>quode</strong></span> 
     </span>
    </p>
   </div>
   <div class='ocr_carea' id='block_1_9' title="bbox 1241 2963 1327 3029">
    <p class='ocr_par' dir='ltr' id='par_1_13' title="bbox 1241 2963 1327 3029">
     <span class='ocr_line' id='line_1_43' title="bbox 1241 2963 1327 3029; baseline 0.012 -17"><span class='ocrx_word' id='word_1_317' title='bbox 1241 2963 1327 3029; x_wconf 66' lang='lat' dir='ltr'><strong>saltur</strong></span> 
     </span>
    </p>
   </div>
   <div class='ocr_carea' id='block_1_10' title="bbox 1217 3099 1357 3151">
    <p class='ocr_par' dir='ltr' id='par_1_14' title="bbox 1217 3099 1357 3151">
     <span class='ocr_line' id='line_1_44' title="bbox 1217 3099 1357 3151; baseline -0.021 0"><span class='ocrx_word' id='word_1_318' title='bbox 1217 3099 1357 3151; x_wconf 71' lang='lat' dir='ltr'><strong>Genersloe</strong></span> 
     </span>
    </p>
   </div>
   <div class='ocr_carea' id='block_1_11' title="bbox 1197 3170 1376 3294">
    <p class='ocr_par' dir='ltr' id='par_1_15' title="bbox 1197 3170 1376 3294">
     <span class='ocr_line' id='line_1_45' title="bbox 1197 3170 1376 3256; baseline -0.022 -33"><span class='ocrx_word' id='word_1_319' title='bbox 1197 3170 1290 3256; x_wconf 65' lang='lat' dir='ltr'><strong>Christi</strong></span> <span class='ocrx_word' id='word_1_320' title='bbox 1315 3182 1376 3232; x_wconf 84' lang='lat' dir='ltr'><strong>pro-</strong></span> 
     </span>
     <span class='ocr_line' id='line_1_46' title="bbox 1216 3252 1349 3294; baseline -0.038 0"><span class='ocrx_word' id='word_1_321' title='bbox 1216 3252 1349 3294; x_wconf 81' lang='lat' dir='ltr'><strong>mucrones</strong></span> 
     </span>
    </p>
   </div>
   <div class='ocr_carea' id='block_1_12' title="bbox 0 0 1414 4890">
    <p class='ocr_par' dir='ltr' id='par_1_16' title="bbox 0 0 1414 4890">
     <span class='ocr_line' id='line_1_47' title="bbox 0 0 1414 4890; baseline 0 1"><span class='ocrx_word' id='word_1_322' title='bbox 0 0 1414 4890; x_wconf 95' lang='lat' dir='ltr'><strong> </strong></span> 
     </span>
    </p>
   </div>
  </div>
 </body>
</html>
