2828 4904
465 304 644 376 -185-

96 451 116 495 c
141 428 277 516 proinde
302 429 352 495 uti
367 435 511 516 proxime
527 426 663 494 delinito
680 425 884 515 possibilem,
902 428 983 514 quin
999 425 1087 495 ultre

96 537 133 601 tri
149 535 294 623 opus-sit
309 535 467 613 examine,
486 542 543 599 aut
559 537 633 602 nori
653 534 792 601 Concilii
808 538 1048 607 convocatione.

96 644 243 707 lursum‘
259 661 301 704 ex
317 637 380 704 tide
402 638 599 704 credendum
622 648 673 705 est
697 643 734 706 B.
751 641 920 727 Virginem
945 637 1089 710 θεστόκον
1148 651 1321 707 confirmator

96 745 141 812 tei
155 765 236 810 esse
256 743 456 831 genitricem.
474 746 619 810 lumvero
635 745 796 811 evidentia
813 754 939 812 constat
959 748 1086 827 morali,

101 869 273 916 assensum
296 850 445 918 cuiusvis
467 850 638 938 prudentis
661 851 725 918 viri
753 851 876 939 absque
899 852 967 918 ulla
990 873 1088 941 oppo

96 953 207 1018 rroris
220 950 393 1017 formidine
416 951 563 1040 prolecto
579 953 683 1034 elicit,
701 965 767 1020 non
779 973 874 1042 posse
898 975 974 1020 eum
997 964 1087 1023 tanta

96 1065 155 1123 zate
180 1057 277 1123 slmul
294 1057 470 1123 consistere
491 1058 660 1144 originalis
677 1060 803 1147 peccati
822 1059 981 1126 maculam
1005 1083 1090 1148 quae

96 1162 260 1228 dissimum
275 1162 337 1228 Dei
353 1163 467 1227 matris
488 1163 627 1228 animam
643 1163 832 1244 infuscaret,
857 1165 955 1229 immo
977 1164 1089 1231 lethali

96 1274 142 1333 ret
164 1289 303 1346 veneno,
328 1267 397 1332 irae
421 1266 519 1333 filiam
542 1266 681 1347 iaceret,
706 1268 838 1335 diabolo
866 1269 1087 1358 manciparet,

132 1348 298 1459 spirituali
333 1371 495 1460 perderet.
521 1374 609 1460 Ergo
638 1394 679 1438 ex
707 1374 881 1460 praeiactis
915 1374 1087 1461 principiis

96 1499 113 1542 n
137 1475 300 1543 inferatur
323 1497 453 1543 necesse
477 1483 541 1556 est,
565 1475 727 1543 eiusmodi
755 1477 991 1544 immunitatem
1014 1501 1087 1566 pro·

102 1581 235 1647 definiri
264 1602 370 1668 posse,
395 1603 469 1646 cum
494 1603 532 1647 ea
556 1581 682 1669 liquido
705 1590 831 1647 constet
854 1590 924 1647 tum
948 1604 990 1648 ex
1013 1605 1087 1670 pro·

96 1707 155 1750 nne
180 1706 263 1770 quae
288 1684 327 1748 de
351 1684 412 1748 lide
434 1692 494 1763 est,
520 1692 589 1748 tum
605 1706 645 1749 ex
669 1684 890 1771 propositione
913 1708 998 1773 quae
1022 1688 1087 1753 evi·

96 1798 140 1853 est
157 1788 318 1853 evidentia
341 1778 474 1864 morati,
497 1808 556 1851 seu
580 1786 744 1852 evidenter
761 1808 836 1852 cum
853 1788 1086 1874 propositione,

104 1894 144 1960 de
170 1894 231 1959 fide
254 1903 325 1974 est,
351 1895 554 1960 connectitur
580 1891 633 1982 (l).
659 1897 745 1960 llaec
770 1903 880 1959 autem
902 1898 1033 1960 moralis
1056 1918 1088 1961 e-

95 2000 141 2064 tia
160 2021 279 2064 novum
303 1997 511 2063 certitudinis
527 1998 663 2083 gradum
680 2021 698 2063 e
714 1997 931 2064 declaratione
956 1997 1089 2064 Triden-

96 2103 253 2181 tbtiuuit,
277 2103 365 2190 quod
388 2102 519 2168 decreto
543 2123 604 2167 suo
628 2105 665 2167 B.
690 2104 859 2189 Virginem
883 2103 1090 2192 comprehen-

97 2206 216 2286 noluit,
242 2206 339 2271 immo
356 2227 426 2271 eam
450 2204 593 2272 exclusit
613 2226 632 2269 a
655 2203 934 2292 propositionibus
958 2227 1090 2292 genera·

110 2334 170 2377 seu
201 2312 466 2389 universalibus,
490 2311 612 2399 quibus
635 2311 810 2397 Apostolus
835 2309 875 2374 ad
902 2332 1011 2376 omnes
1034 2333 1089 2378 ex-

120 2416 268 2480 homines
286 2416 497 2502 primigeniae
518 2437 622 2480 noxae
646 2414 920 2502 propagationem,
945 2423 977 2480 et
994 2438 1086 2502 prae-

103 2519 219 2585 eadem
243 2518 282 2582 de
306 2540 404 2584 causa
430 2517 606 2584 tridentina
633 2519 705 2605 ipsa
730 2517 878 2607 Synodus
909 2517 1086 2589 declaravit

96 2647 115 2691 e
143 2647 176 2689 se
200 2645 275 2688 cum
300 2624 451 2689 universa
476 2624 632 2703 Ecclesia,
658 2625 695 2689 B.
720 2624 889 2711 Virginem
910 2622 1002 2689 nullo
1029 2647 1089 2689 nur

117 2729 169 2795 vel
193 2729 256 2794 levi
293 2726 395 2793 luisse
420 2738 551 2815 peccato
576 2729 794 2815 inquinatam,
820 2727 953 2816 speciali
977 2729 1087 2815 singu-

96 3042 183 3096 lorret
192 3040 268 3096 curri
277 3043 325 3111 pto
334 3046 358 3094 et
368 3041 506 3107 retiptosa,
560 3050 603 3094 tur
616 3044 777 3105 tcvtrgtnern
792 3058 948 3099 serenarum
959 3043 1079 3100 Matrem

96 3129 175 3193 inquit
187 3129 289 3179 Cornet-
304 3125 504 3191 Mussusuticerr
559 3119 715 3179 IleiLue.2:
732 3124 869 3197 concipies
888 3132 913 3182 st
930 3129 1021 3197 paries
1038 3145 1078 3181 ec.

96 3229 119 3266 u
132 3212 182 3266 tter·
192 3226 263 3283 quoe
272 3211 373 3264 incenit
382 3211 503 3280 gretiam
556 3215 646 3264 Patres
659 3213 733 3264 multi
752 3213 850 3282 dieunt,
859 3219 885 3265 st
899 3215 962 3265 nulli
976 3222 1082 3266 eontra-

98 3313 158 3352 eum
205 3297 274 3351 liene
285 3295 446 3365 contemnet
452 3311 502 3365 per
554 3300 684 3366 denunti.
697 3300 855 3365 virginique
865 3298 958 3355 Mater
968 3298 1022 3354 oei
1039 3305 1077 3352 eet

96 3383 499 3452 ,todemtoriginatemlfutrssetr.
553 3387 691 3438 conventre
708 3387 858 3450 dignitatem
877 3392 903 3439 et
915 3387 1081 3440 eminentium

96 3487 134 3524 tec
146 3470 174 3523 iu
188 3467 327 3524 Canticum
341 3469 373 3523 B·
388 3468 418 3527 V·
437 3469 500 3524 Ma·
554 3472 694 3524 sanctitutis
715 3478 742 3523 et
763 3474 860 3538 gratiae
880 3488 956 3538 super
975 3488 1077 3526 omnem

96 3571 148 3623 ur,
156 3571 188 3607 ex
206 3556 291 3606 italien
301 3558 421 3607 idiomate
433 3558 458 3607 tn
468 3558 503 3607 la·
554 3572 644 3622 purem
666 3563 819 3609 creaturum.
838 3556 1035 3622 chrysostomus
1053 3561 1082 3610 tn

96 3655 187 3692 tersae.
209 3636 417 3693 Coloniaeldld.
436 3643 506 3693 Hulo'
557 3644 669 3709 liturgia,
681 3648 708 3695 et
725 3644 905 3695 Theodoretus
927 3645 953 3694 iu
974 3645 1076 3695 cantica

96 3726 173 3776 attoni
186 3727 303 3776 innititur
320 3728 390 3777 card.
403 3729 502 3778 Bellar-
555 3729 643 3779 dieunt
655 3761 663 3796 ,
676 3730 706 3779 B.
725 3730 855 3793 Virginem
869 3741 928 3781 ‘este
947 3730 1079 3793 puriorem

96 3827 113 3862 n
131 3813 175 3862 cit.
186 3814 372 3862 consultatione
391 3829 435 3864 sua
454 3827 501 3877 pro
554 3820 580 3866 et
592 3816 783 3866 honoratiorem
801 3829 878 3879 queres
899 3813 1037 3864 Cherubim
1049 3821 1081 3866 ec

96 3912 136 3948 tue
153 3899 329 3948 immaculatae
347 3898 501 3962 Correptio·
554 3900 871 3963 Serapoimscregonus
881 3900 1009 3962 reprimo
1017 3914 1074 3964 erp.

98 3983 177 4032 Paulo
192 3983 223 4047 V,
233 3987 261 4031 ut
274 3981 366 4032 tulerat
378 3985 406 4033 B.
416 3983 503 4048 Virgi-
555 3986 620 4036 libri
634 3986 707 4048 print
721 3987 782 4050 [teg.
802 3985 874 4049 dicit,
894 3985 923 4034 B.
944 3984 1074 4046 Virginem

96 4081 195 4117 munem
206 4067 309 4117 omnino
321 4071 445 4118 serratam
455 4070 507 4120 ltel—
556 4084 612 4121 erse
635 4078 748 4125 montem
770 4071 794 4120 in
821 4070 917 4120 vertice
938 4071 1079 4138 montium,⁸

96 4153 117 4200 rb
134 4153 203 4201 omni
217 4153 273 4201 tabe
283 4152 365 4201 tusno
377 4158 505 4216 conceptu
557 4155 616 4218 quie
633 4155 724 4206 merite
740 4155 877 4206 supererit
888 4167 966 4217 super
984 4168 1080 4206 omnes·

96 4236 382 4300 litenim:Scriptorae
406 4243 502 4287 testau-
555 4236 826 4303 sunctosetdugoicr
843 4247 913 4304 ete,
929 4244 992 4289 cte·
1072 4270 1078 4281 .
