2828 4904
70 504 115 553 ix.

745 347 787 362 -
806 312 870 382 iti
885 351 929 364 -

79 434 245 498 Praesertpuo
297 412 519 499 incisura-na
542 425 831 508 remcouie'cisset,
853 432 897 495 ita
921 431 954 494 in
981 432 1228 521 Praeseriptione
1245 437 1291 499 lX
1315 435 1359 501 ha
1387 486 1390 493 .

296 548 349 599 mo
370 526 543 612 perfrictae
559 528 673 621 frontis
692 533 864 598 concludit:
880 559 894 593 u
914 537 989 599 Post
1010 536 1202 602 Clementem
1221 541 1264 604 Vl
1282 541 1356 604 Sedis

298 633 491 718 apostolicae
515 633 646 699 iraditio
665 642 828 702 imminuta
845 661 882 703 ac
898 641 1070 723 deformata
1085 654 1136 706 est.
1156 643 1268 707 Sixtus
1290 646 1356 708 enin

298 745 435 824 quartus
466 737 685 804 franciscanus
716 743 842 826 aequali

298 948 461 1004 contrahendi
480 948 567 997 babuit
589 950 693 1011 peccati.
712 950 737 998 st
763 964 805 1000 se-

298 1032 409 1082 cundum
428 1037 525 1083 textum
544 1034 755 1100 excipias7ceteri
775 1036 803 1084 B.

298 1113 427 1179 Virginem
440 1118 537 1167 directe
546 1131 597 1166 non
609 1120 745 1181 attingunt.

322 1199 361 1249 Ex
370 1213 393 1249 s.
404 1200 503 1251 Gelasio
514 1203 565 1250 ‹iuo
575 1203 599 1250 in
609 1203 719 1252 medium
730 1203 805 1252 addu-

258 1353 261 1360 .
298 1285 354 1350 cit7
375 1287 483 1356 aiterum
496 1287 619 1350 enilpist.
640 1282 656 1339 5
675 1289 705 1338 nil
718 1302 805 1339 omnes

300 1369 386 1420 Piceni
396 1371 535 1437 episcopos,
547 1372 590 1420 ubi
601 1373 705 1434 loquens
714 1374 745 1421 de
758 1375 806 1435 pri·

298 1455 344 1502 mis
352 1457 555 1518 progenitoribus
566 1457 658 1506 scribit:
667 1454 807 1525 Quidquid

246 1573 250 1582 .
303 1539 350 1593 isti
361 1539 594 1609 penitoresdesuo
613 1543 731 1609 permine
742 1558 805 1611 pru-

300 1627 504 1697 tuierunuopus
517 1625 622 1702 quidem
643 1625 696 1679 Dei
712 1631 750 1679 est
770 1643 805 1680 se«

299 1708 415 1762 eundum
426 1709 615 1763 institutionem
623 1711 745 1775 naturaeT
759 1709 805 1762 sea

298 1809 352 1848 non
369 1793 466 1863 ubsque
490 1793 707 1862 scampinam,
731 1794 804 1864 quoa

299 1893 348 1932 sua
358 1879 540 1946 procreatione
561 1883 712 1932 tenuerunt.
732 1883 812 1943 Quae·

300 1967 374 2014 rerba
387 1968 511 2028 generalia
525 1973 593 2033 sunt7
605 1980 651 2026 nec
662 1963 761 2017 directe
773 1968 804 2022 (ie

300 2049 436 2114 R.Virgine
446 2042 533 2116 agana
543 2051 586 2100 sed
597 2057 725 2114 practerea
738 2065 809 2100 com-

300 2137 446 2200 plectuntur
470 2137 544 2186 eiiam
570 2137 688 2185 inlucem
707 2138 807 2201 editos3

299 2219 461 2285 prosequitur
471 2222 536 2270 euim
546 2222 638 2269 ibidem
648 2220 761 2270 Gelasius
771 2223 809 2271 di-

300 2319 359 2356 cens
370 2295 484 2369 quemvis
505 2304 697 2356 intentamente
716 2303 812 2355 uitiosa

300 2389 438 2441 nativitate
442 2386 631 2457 poliutum3etq
639 2390 721 2440 sinon
728 2388 811 2457 fuerit

301 2474 422 2540 mysterii
447 2472 591 2527 christiani
607 2473 811 2542 participatione

301 2557 453 2626 mundatur,
465 2559 501 2612 aa
513 2558 595 2611 eitam
607 2573 660 2610 non
668 2573 742 2627 posse
752 2573 814 2626 per-
845 2551 848 2558 “

304 2642 393 2694 oenim
411 2650 578 2712 perpetuam3
588 2658 652 2707 quae
666 2645 740 2693 rerba
753 2657 812 2705 sup-

304 2732 394 2794 pressit
402 2731 528 2781 launoius
541 2745 571 2781 eo
584 2732 651 2794 quod
665 2731 764 2780 videret
776 2731 814 2779 ni-

303 2816 382 2866 mium
391 2815 813 2879 probarecontraexpressamifle

237 2946 241 2961 ,
303 2903 355 2953 iasii
365 2908 488 2965 mentem.
498 2902 575 2966 quiin
585 2916 631 2951 suo
642 2903 816 2973 Sacramenta-

304 2991 343 3038 rio
356 2989 466 3040 officium
480 2983 591 3040 Sanctae
605 2984 763 3039 Natiuitatis
781 2984 814 3038 B.

311 3068 427 3136 Virqinis
447 3071 589 3133 assignavit.
607 3070 725 3119 Alterum
738 3085 758 3118 s·
770 3070 817 3119 Ge·

303 3157 358 3207 iasii
369 3156 538 3205 testimonium
548 3157 640 3217 promit
658 3169 689 3205 ex
699 3155 741 3203 tib.
752 3169 814 3204 con-

305 3247 343 3290 ιιι
361 3241 503 3304 pelagianos
522 3241 555 3289 ita
565 3254 591 3290 se
603 3241 705 3289 babens:
717 3235 817 3290 Imma-

304 3321 390 3377 culati
411 3323 482 3391 Aqui
497 3324 635 3392 proprium
647 3328 684 3376 est
712 3321 815 3376 nullum

304 3420 415 3476 prorsus
428 3405 548 3461 babuisse
558 3413 687 3476 pecatum3
700 3409 743 3458 sed
766 3409 816 3458 boc

305 3494 331 3542 in
354 3492 411 3542 loco
429 3494 478 3556 egit
492 3507 512 3543 s.
533 3492 650 3544 Pontifex
671 3493 815 3556 ‹lepeacato

234 3568 238 3577 ⁵
305 3583 374 3648 quoii
383 3577 496 3650 propria
507 3577 606 3630 actione
616 3583 742 3641 patratum
752 3591 814 3627 con·

306 3669 389 3718 stituit
412 3667 488 3729 enim,
513 3664 593 3714 vitare
613 3663 740 3714 bominem
762 3676 814 3713 nou

306 3765 380 3818 posse
392 3756 491 3814 peccata
502 3749 583 3798 omnia
590 3743 764 3815 possibilitate
772 3745 818 3812 sa·

307 3835 412 3891 calletis
421 3833 563 3900 humanae,
572 3834 615 3884 sed
628 3833 706 3882 soiius
723 3832 818 3895 gratias

310 3924 402 3975 auxilio
412 3940 420 3988 3
431 3926 506 3988 negat
523 3927 608 3971 tamen
630 3919 756 3981 singulare
768 3917 817 3966 boo

311 4009 469 4073 privilegium
480 4019 569 4059 rovere
580 4003 723 4055 bominibus
734 4003 820 4052 datum

311 4109 376 4159 esse,
389 4093 432 4156 qui
449 4105 530 4158 usque
547 4087 587 4140 aii.
603 4085 820 4156 iuniperseetio·

312 4190 370 4229 nem
391 4175 460 4229 strae
484 4171 631 4243 praeuntis
651 4168 819 4234 accederent3

872 743 985 807 ordine
1015 744 1128 810 habuit
1150 770 1265 812 nonam
1288 747 1356 812 Scoti

857 953 925 1014 quod
939 950 1018 1001 insius
1027 955 1131 1020 ovinum
1141 959 1170 1004 ut
1189 955 1284 1004 scilicet
1296 952 1354 1006 illitu
1398 960 1405 1035 i

857 1035 1020 1088 immaculate
1032 1036 1103 1105 siqui
1112 1040 1236 1088 etciiaec
1246 1045 1325 1089 tamen
1333 1041 1354 1088 si
1403 1069 1405 1073 -

857 1121 933 1169 lentio
945 1123 1033 1184 pressit
1046 1122 1183 1176 launoius.
1402 1116 1405 1121 ¹

903 1203 939 1251 Ex
964 1204 1166 1266 sumposion.
1188 1207 1291 1256 adducit
1311 1211 1356 1256 tei-

859 1294 912 1337 tum
935 1305 965 1340 ex
978 1290 1022 1339 lib.
1035 1287 1077 1340 18.
1092 1290 1181 1342 illoral.
1196 1293 1220 1340 in
1230 1293 1285 1341 lob.
1308 1291 1355 1351 Cep.

857 1366 902 1436 27,
926 1389 1041 1437 quaeque
1054 1375 1173 1436 leguntur
1196 1389 1219 1424 c.
1233 1366 1277 1426 52.
1287 1390 1312 1425 n.
1323 1368 1358 1424 ti.

859 1460 907 1508 coi.
928 1454 988 1510 598.
1010 1460 1083 1510 Tam.
1106 1462 1126 1509 l.
1147 1461 1189 1511 etl.
1210 1463 1296 1510 Maur.
1313 1455 1359 1508 itu

858 1544 955 1612 quippe
965 1545 1015 1596 etsi
1031 1545 1115 1597 sancti
1125 1545 1261 1612 efficimur,
1269 1559 1319 1596 non
1330 1549 1360 1594 tu

859 1644 917 1679 men
929 1617 1162 1683 saneti'nascimur:
1173 1630 1242 1700 quia
1251 1629 1310 1698 ipsa
1321 1642 1361 1679 ua·

859 1715 936 1762 turae
956 1709 1136 1780 corruptibilis
1148 1710 1301 1764 conditione
1309 1725 1362 1762 eon-

856 1796 1021 1862 striupimur7
1034 1801 1062 1849 ut
1074 1811 1133 1849 eam
1147 1794 1289 1866 Propheta
1298 1795 1364 1849 aiem

857 1880 993 1934 muniisse
1002 1880 1070 1932 enim
1079 1881 1107 1933 in
1117 1879 1306 1951 iniquitatibus
1316 1896 1366 1933 aaa·

857 1972 946 2034 ceptus
957 1981 1014 2018 sum
1035 1972 1059 2019 et
1077 1967 1105 2017 in
1121 1966 1237 2034 peccatis
1258 1965 1371 2035 concepit

860 2065 900 2102 me
913 2056 996 2102 meter
1009 2065 1074 2103 mea.
1088 2048 1139 2102 lite
1151 2057 1244 2104 autem
1256 2049 1328 2105 solus
1336 2065 1368 2102 ee

862 2134 960 2189 rariter
972 2141 1077 2188 sanctus
1099 2141 1241 2201 natusest,
1256 2135 1363 2205 quinti

860 2233 936 2288 psam
954 2225 1066 2273 naturae
1087 2218 1276 2288 renuptibitis
1288 2217 1360 2273 aar&

864 2306 960 2356 lienam
982 2299 1111 2369 vincerem
1134 2317 1169 2355 eu
1189 2303 1361 2357 commutent

864 2387 1259 2457 carnaliscopulae,eonceptus
1268 2392 1365 2442 nonest.

866 2476 959 2539 Verus,
969 2480 997 2524 ut
1017 2476 1113 2541 liquet,
1135 2490 1155 2524 s.
1168 2476 1312 2538 Gregorius
1324 2487 1365 2525 non
1396 2464 1405 2503 l

866 2561 898 2608 de
917 2560 1082 2622 conceptione
1099 2560 1174 2609 modo
1192 2560 1322 2626 loquitur,
1330 2562 1367 2610 sei

865 2645 940 2693 etiam
952 2640 983 2692 (ie
996 2641 1134 2694 nativitate
1156 2645 1275 2692 omnium
1293 2644 1367 2693 bomi-

867 2745 937 2795 num,
956 2732 1069 2793 adeoque
1082 2734 1170 2779 contra
1188 2731 1246 2780 eius
1267 2736 1370 2781 urentem

867 2816 939 2863 nimis
949 2815 1098 2878 probaretur
1107 2815 1144 2862 bis
1154 2814 1251 2879 verbis,
1261 2815 1370 2879 quaudo·

868 2902 970 2964 quidem
983 2907 1008 2951 et
1021 2902 1073 2965 ipse
1085 2915 1105 2950 s.
1120 2883 1216 2951 Ductor
1229 2904 1256 2951 in
1266 2915 1314 2953 suo
1328 2902 1367 2952 St-

868 2987 1035 3037 crameuturio
1045 2987 1175 3036 constituit
1182 2985 1279 3036 iustum
1288 2982 1370 3040 aeNe

869 3067 972 3120 tiuitate
987 3067 1017 3119 li·
1036 3064 1159 3134 Virpinis.
1170 3069 1227 3117 Hac
1242 3073 1369 3134 propterea

869 3156 900 3204 de
910 3168 984 3204 carisa
994 3155 1120 3203 Luunoius
1133 3152 1211 3203 verbu
1224 3153 1318 3203 Psalmi
1327 3165 1368 3202 nou

870 3239 975 3288 adduxit
987 3240 1023 3288 uti
1036 3238 1156 3301 leguntur
1168 3239 1193 3287 in
1208 3251 1228 3288 s.
1243 3236 1368 3299 Gregorio,-

869 3325 912 3387 qui
922 3324 957 3373 sio
965 3337 994 3374 ea
1005 3323 1085 3374 affert:
1098 3319 1136 3374 Ei
1145 3321 1174 3373 in
1183 3319 1289 3375 uelutis
1301 3331 1366 3388 pepi

867 3406 903 3460 rit
919 3421 960 3458 me
969 3414 1055 3459 mater
1064 3419 1132 3459 msa.

914 3493 1021 3541 lienum
1035 3505 1066 3540 ex
1083 3491 1158 3542 Clero
1178 3504 1287 3541 romano
1299 3523 1308 3554 ‚
1319 3488 1364 3540 seit

868 3581 972 3626 vacante
984 3607 993 3640 ‚
1006 3580 1062 3637 post
1074 3579 1182 3625 mortem
1204 3574 1313 3624 lionorii
1324 3572 1363 3622 in

867 3661 972 3724 epistole
982 3661 1013 3710 ad
1026 3660 1132 3722 angliae
1149 3659 1282 3723 episcopos
1294 3649 1362 3707 tibi

870 3745 936 3794 ilist.
945 3744 1089 3793 Ecclesiast.
1100 3744 1185 3793 Bedae
1197 3757 1255 3808 cap.
1265 3738 1299 3792 19
1319 3740 1365 3790 reci

872 3836 908 3879 tat
920 3830 982 3879 baec
992 3830 1067 3878 rerba
1077 3849 1084 3876 ι
1097 3825 1135 3878 Ει
1144 3825 1263 3894 primum
1272 3823 1364 3895 quiden

870 3911 1032 3982 blasphemia
1040 3918 1065 3965 et
1076 3909 1274 3980 stultiloquium
1285 3913 1322 3968 su
1334 3907 1366 3960 ii-

872 4012 929 4051 cere
948 3995 1076 4050 bominem
1101 3994 1364 4062 erumperem,
1403 4048 1405 4070 Ι

872 4081 938 4159 quia
958 4081 1127 4134 emesinorum
1142 4084 1228 4148 potest
1248 4076 1367 4130 nimenta
1403 4112 1405 4137 ,

874 4166 1004 4220 mediator
1016 4163 1098 4217 liciat
1110 4161 1247 4216 boninum
1259 4159 1368 4214 Cilnium
