2828 4904
300 442 419 522 cisum,
435 461 491 505 eas
508 440 616 504 minus
640 446 840 524 opportunas
856 437 896 501 ad
912 456 978 500 rem
1002 440 1145 499 nostram
1162 435 1260 513 sideri,
1276 437 1321 522 quis
1353 453 1372 492 u

299 567 405 632 neque
422 567 464 611 ex
481 545 709 630 congruentia,
727 565 833 629 neque
850 565 890 607 ex
912 562 1001 606 mera
1019 541 1167 607 decentia
1186 542 1323 608 vindicamus
1350 539 1372 619 u

299 649 470 735 Virginem
493 649 526 713 in
559 648 726 735 Conceptu
749 647 1009 724 immaculatam,
1035 645 1091 710 sed
1120 667 1160 709 ex
1189 647 1324 732 argumentis
1354 658 1372 700 't

299 754 467 841 positivis,
495 754 544 819 uti
560 754 639 819 satis
655 761 780 818 constat
797 775 838 818 ex
855 752 969 831 dictis,
994 759 1025 816 ct
1048 753 1156 838 ¹satius
1179 773 1215 816 ex
1236 752 1267 815 iis
1277 771 1325 837 quas
1355 766 1372 806 u

173 915 177 930 ,
300 879 377 924 mox
400 857 522 923 dicturi
551 878 665 922 sumus
689 857 860 922 constabit.
1369 866 1372 872 ’

70 948 250 1070 Ngss'ffiffl
392 963 549 1049 Septimo:
581 962 722 1048 denique
750 962 838 1027 haud
869 961 1045 1026 diffitemur
1072 981 1179 1048 neque
1200 960 1274 1026 nobis
1290 976 1328 1024 uu
1346 969 1372 1041 'a

71 1035 251 1152 danigenae-
302 1065 437 1154 probari
465 1066 713 1152 argumentandi
744 1067 927 1144 rationem,
955 1087 1054 1152 qnam
1081 1065 1169 1130 haud
1196 1064 1274 1152 pauci
1291 1049 1367 1155 pittll

71 1160 250 1296 qffilffffoe
303 1171 481 1236 sententiae
496 1172 752 1257 patrocinatores
776 1180 959 1249 sectantur,
978 1178 1015 1236 ut
1038 1172 1189 1236 evincant
1214 1168 1330 1255 dogmatis
1353 1169 1372 1258 tl

73 1303 129 1366 pi„
149 1307 251 1351 senten·
303 1277 432 1343 definiri
456 1299 550 1364 posse
570 1278 792 1365 quaestionem
809 1279 848 1343 de
865 1301 928 1365 qua
953 1285 1002 1343 est
1018 1300 1135 1344 sermo.
1157 1278 1252 1357 Quasi
1267 1274 1326 1365 ιιεᾳΙ

74 1373 251 1494 ¹21¹,⁰„l{',¹2,⁰¹‘
304 1384 344 1448 ad
362 1383 579 1449 definitionem
600 1385 745 1449 veritatis
770 1384 808 1448 de
828 1384 1032 1450 immaculata
1047 1385 1195 1471 Virginis
1211 1382 1331 1472 concepti

70 1538 73 1549 .
113 1482 217 1564 ,mim
304 1511 344 1555 ne
378 1489 508 1555 omnino
532 1489 716 1578 syllogismo
734 1489 966 1575 indigeremus,
990 1489 1170 1569 cuiusaut
1193 1490 1339 1577 ambaepn

304 1593 482 1681 positiones
508 1594 716 1680 praemissae,
744 1602 802 1657 aut
831 1594 988 1659 alterutra
1011 1593 1124 1659 saltem
1151 1617 1193 1659 ex
1209 1593 1266 1660 fide
1287 1598 1345 1668 esstl,

305 1697 408 1764 altera
431 1703 539 1763 autem
556 1697 718 1764 evidentia
741 1697 878 1784 polleret
902 1706 939 1763 ut
961 1699 1132 1762 minimum
1153 1691 1351 1778 sacrationi

307 1810 416 1869 autem
440 1802 583 1869 secundo
607 1803 678 1868 loco
695 1802 881 1868 adstruitur
904 1802 943 1868 de
966 1803 1137 1869 inerrabili
1153 1805 1309 1869 Ecclesiae
1324 1822 1372 1893 sug

307 1909 468 1985 ctoritate,
488 1906 639 1996 proiecto
663 1908 696 1972 id
714 1931 817 1972 unnsn
841 1907 997 1986 ostendit,
1017 1908 1200 1974 Ecclesiam
1223 1908 1304 1974 hand
1320 1904 1358 1972 lull

307 2033 401 2100 posse
433 2013 557 2079 sivein
589 2013 722 2078 edendis
757 2013 1002 2079 definitionibus
1026 2013 1239 2099 dogmatsseis,
1268 2016 1361 2102 siquas

308 2116 460 2196 edixerit,
485 2119 611 2185 sive'in
642 2118 770 2184 olsiecto
795 2119 904 2183 cultus
928 2117 1153 2204 proponendo,
1180 2114 1366 2206 quodnequi

308 2242 379 2289 esse
403 2229 549 2310 erratum
579 2231 637 2287 aut
664 2245 870 2309 perversum,
899 2245 973 2287 cnm
997 2222 1057 2286 hoc
1081 2221 1168 2286 foret
1193 2232 1307 2288 contra
1324 2240 1363 2310 pst·

310 2329 446 2395 missum
467 2331 527 2416 ipsi
549 2330 707 2395 divinitus
731 2331 808 2414 iuge
831 2350 869 2394 ac
893 2350 1046 2416 praesens
1070 2328 1251 2396 auxilium.
1273 2332 1361 2396 teu

312 2444 418 2500 tamen
442 2432 584 2499 nondum
607 2435 639 2499 id
658 2435 750 2520 plane
770 2435 901 2509 evincit,
919 2432 1162 2497 immaculatum
1182 2432 1365 2500 Mar-iaetu

312 2547 442 2625 ceptum
466 2561 536 2604 esse
560 2539 724 2603 obiectum
748 2537 947 2623 dogmaticae
973 2535 1171 2601 definitionis
1197 2559 1317 2624 capax,
1336 2552 1372 2622 pt

309 2645 397 2710 dere
421 2643 548 2708 tandem
572 2644 766 2729 inquiritur.
792 2643 899 2707 Multo
921 2664 997 2707 vero
1014 2641 1122 2704 minus
1146 2641 1318 2728 quidpiam
1331 2658 1372 2704 cus

315 2749 425 2814 licitur
449 2770 489 2812 ex
515 2749 612 2813 tertio
635 2748 722 2836 quod
755 2747 952 2812 atterebatur
976 2754 1191 2831 argumen103
1217 2746 1301 2812 illud
1322 2744 1372 2810 euin

314 2855 349 2918 in
361 2854 592 2940 congruentiae
605 2855 746 2919 rationes
764 2853 935 2931 relabitur,
953 2852 992 2916 de
1006 2851 1128 2938 quibus
1141 2851 1245 2937 paulo
1258 2861 1325 2916 ante
1336 2848 1372 2912 dis

317 2959 494 3023 seruimus.
978 3040 982 3048 ,

403 3063 462 3127 His
486 3063 590 3150 igitur
612 3065 645 3127 in
663 3070 975 3149 utramquepartem
999 3082 1058 3147 pro
1086 3061 1227 3127 veritate
1252 3054 1372 3126 discussis

314 3166 481 3253 reliquum
505 3176 576 3247 est,
602 3176 638 3231 ut
663 3189 732 3230 eam
756 3167 940 3252 aperiamus
973 3167 1057 3231 viam
1081 3166 1136 3229 cui
1161 3165 1223 3230 hac
1249 3167 1281 3230 in
1304 3186 1332 3229 re
1349 3161 1372 3224 iu

319 3275 497 3341 sistendum
520 3296 591 3339 esse
616 3273 778 3350 ducimus,
797 3275 918 3360 qnippe
936 3295 1020 3359 qnae
1038 3271 1175 3337 solidior
1191 3272 1288 3338 nobis
1309 3265 1371 3336 omui

313 3399 360 3443 -no
376 3388 539 3465 appareat,
561 3377 781 3464 omnibusque
806 3378 996 3464 ambagibus
1019 3376 1184 3464 expedita.

812 3553 842 3653 g.
869 3560 925 3625 ns.

369 3742 562 3807 Posu'ds'ls'tus
586 3743 785 3806 isumuculuts'
810 3739 980 3829 Conceptus
1005 3741 1175 3823 depessats'ce
1209 3736 1357 3828 definiendi

547 3855 659 3897 rursus
683 3838 843 3898 excutitur
864 3857 901 3898 uc
922 3836 1023 3917 magis
1038 3834 1191 3920 firmatus·

412 4014 486 4092 Quo
502 4012 611 4100 aliqua
628 4013 747 4077 veritas
764 4012 804 4077 ad
820 4013 1029 4078 christianam
1040 4010 1235 4097 religionem
1253 4007 1372 4098 pertinet

324 4115 523 4201 dogmaticae
547 4116 646 4202 qrreal
673 4138 743 4180 esse
772 4117 969 4183 delinitionis
997 4115 1175 4194 obiectum,
1204 4117 1333 4180 minime
1355 4132 1372 4175 u

226 4267 229 4276 s
324 4220 500 4286 cessarium
522 4241 614 4298 esse,
635 4229 672 4285 ut
698 4242 735 4284 ea
760 4214 868 4310 ῥηθως
891 4233 989 4308 atque
1013 4215 1146 4299 ἀπλως,
1172 4220 1372 4309 expressisse
