2828 4904
117 429 302 496 scotisticae
325 427 445 496 addicti
466 448 535 494 eam
557 427 620 494 sibi
643 429 797 515 peculiari
820 429 942 493 ratione
969 426 1186 494 vindicandam

116 543 337 622 sumpserunt.
362 535 480 603 Contra
495 555 569 602 vero
581 534 638 620 qui
651 536 735 621 parti
747 534 914 599 affirmanti
927 536 963 598 B.
977 535 1141 620 Virginem
1154 537 1187 600 in

116 645 275 724 conceptu
291 635 396 703 luisse
410 638 557 724 originali
575 659 656 701 noxa
672 637 861 702 maculatam
877 637 1065 722 pugnaciter
1075 637 1190 704 adbae-

116 749 242 821 serunt,
261 761 403 828 quorum
417 741 563 828 plerique
579 739 619 805 ad
631 740 889 805 Praedicatorum
900 740 1052 805 Ordinem
1068 748 1190 828 speeta-

116 844 209 922 bant,
223 843 311 910 baud
332 845 450 910 minori
472 843 580 910 studio
602 865 660 930 pro
683 851 831 928 suscepta
853 865 950 908 causa
972 843 1186 910 decertabant.

120 951 231 1032 Atque
251 945 324 1010 binc
347 946 467 1033 duplex
488 946 587 1014 veluti
610 947 693 1010 acics
716 946 748 1009 in
766 966 911 1031 campum
934 944 1084 1030 prodivit,
1105 967 1189 1033 quae

123 1050 255 1115 adhaec
270 1047 371 1115 lerme
392 1059 534 1136 tempora
556 1051 639 1114 inter
662 1071 696 1113 se
718 1049 870 1114 dimicare
892 1047 1111 1113 noudestitit.

121 1193 124 1199 -
206 1153 364 1219 Diversus
396 1174 492 1239 porro
515 1151 578 1217 luit
607 1173 732 1238 pugnae
766 1152 884 1216 exitus.
920 1150 1186 1237 Quandoquidem

114 1254 168 1341 pia
192 1255 350 1318 sententia
384 1252 474 1319 brevi
507 1255 672 1320 universas
702 1273 781 1339 pene
810 1251 986 1317 academias
1015 1252 1188 1319 catholicas

113 1357 272 1444 pervasit,
290 1357 467 1422 communis
483 1356 594 1422 ellectu
611 1364 669 1434 est,
683 1378 740 1421 nec
764 1357 859 1443 pauci
875 1378 916 1419 ex
932 1356 1189 1422 adversariorum

112 1460 232 1524 castris
248 1458 290 1524 ad
307 1468 557 1545 propugnatores
581 1459 714 1543 virginei
737 1458 898 1544 privilegii
920 1459 1118 1525 transierunt
1134 1456 1189 1546 lll3

118 1562 221 1648 ipsam
257 1560 360 1626 fidelis
397 1562 507 1649 populi
541 1560 779 1627 multitudinem
819 1584 883 1649 qua
918 1561 1072 1627 latissime
1104 1571 1191 1649 patet

119 1664 309 1750 penetravit3
334 1687 370 1730 ac
393 1664 510 1730 festum
533 1664 573 1729 de
595 1666 806 1751 Conceptione
833 1663 954 1751 ubique
978 1666 1121 1750 gentium
1145 1668 1192 1731 in-

116 1769 283 1846 stitutum,
306 1777 345 1832 ct
366 1768 406 1834 ab
435 1767 579 1835 Ecclesia
609 1766 763 1832 catholica
793 1768 942 1834 universa
971 1767 1191 1836 confirmatum

114 1879 162 1935 est
180 1879 282 1958 atque
298 1871 468 1936 sancitum.
492 1872 614 1935 Verum
630 1870 681 1934 hic
697 1869 766 1955 ipse
782 1868 872 1935 lavor
887 1871 1030 1937 studium
1046 1872 1192 1940 incitavit

116 1974 271 2040 adversae
298 1973 410 2059 partis,
434 1995 517 2060 quae
539 1973 619 2038 nulli
642 1973 785 2059 pepercit
807 1973 1050 2053 industriac,'ut
1070 1982 1192 2041 senten—

122 2078 182 2143 tiae
204 2077 352 2164 negantis
379 2078 600 2165 propagationi
623 2064 811 2141 obsisteret(
837 2077 960 2142 Exinde
984 2076 1132 2164 publicae
1155 2102 1193 2145 ac

116 2181 262 2273 privatae
289 2181 551 2258 concertationes,
579 2179 654 2245 libri
682 2201 795 2265 magno
817 2202 950 2245 numero
973 2201 1031 2266 pro
1054 2187 1192 2268 utroque

114 2282 235 2368 placito
252 2281 438 2368 conscripti,
451 2290 547 2368 atque
558 2281 592 2346 in
604 2281 683 2367 ipsis
699 2281 739 2345 ad
755 2279 910 2366 populum
920 2301 939 2345 e
951 2288 1104 2365 suggestu
1121 2301 1194 2346 con-

115 2383 268 2450 cionibus
284 2404 348 2449 non
364 2405 438 2450 rare
454 2379 551 2449 animi
574 2392 738 2449 oratorum
761 2381 1003 2448 incalescebant.
1027 2381 1191 2474 Interdum

116 2486 199 2551 notis
228 2505 267 2550 ao
296 2485 443 2550 censuris
477 2484 606 2550 alteruis
641 2483 803 2549 doctrinae
837 2482 1015 2548 contrariae
1048 2483 1190 2549 vicissim

116 2587 347 2667 inurebantur,
370 2595 408 2653 ut
429 2586 466 2652 lit
487 2610 561 2653 cum
590 2587 723 2653 dissidia
752 2585 886 2666 fervent,
909 2609 946 2654 ac
968 2609 1027 2676 pro
1056 2589 1190 2656 veritate

115 2714 190 2779 pars
215 2690 381 2780 quaelibet
403 2691 567 2758 decertare
589 2691 767 2756 arbitratur
791 2688 844 2780 (2).
899 2754 902 2761 Α

119 2825 133 2843 2
203 2795 282 2874 Quo
298 2793 333 2859 in
347 2815 482 2860 numero
503 2793 643 2859 celebres
666 2803 873 2860 recensentur
896 2795 998 2860 theses
1021 2816 1103 2881 quas
1127 2797 1190 2863 sibi

1241 1153 1360 1204 Diversus
1370 1168 1403 1217 pu

1241 1237 1304 1288 gnae
1324 1225 1407 1279 exitas

120 2894 367 2984 propn'gna'ndas
396 2895 429 2959 in
453 2890 620 2960 sorbonica
653 2894 813 2960 academia
848 2897 989 2982 suscepit
1013 2898 1144 2962 loannes
1172 2921 1190 2964 a
1293 2920 1299 2931 ’

118 3001 309 3065 Montesono
330 3020 348 3063 e
371 2998 631 3064 Praedicatorum
647 2997 767 3091 Ordine
790 2998 830 3078 ad
850 2998 984 3084 gradum
1006 2998 1191 3068 doctoratus

116 3102 339 3169 obtinendum.
373 3104 441 3168 Hae
470 3125 603 3168 numero
632 3109 772 3189 quatuor
802 3101 946 3182 luerunt,
970 3102 1102 3190 quibus,
1125 3127 1191 3172 uno

119 3214 253 3294 excepto
271 3204 410 3284 Christo,
427 3226 534 3271 omnes
557 3226 594 3271 ac
617 3206 759 3292 singulos
776 3228 816 3271 ex
831 3205 901 3289 Ada
923 3207 1106 3293 progenitos
1127 3209 1191 3273 ori-

118 3309 241 3396 ginaria
277 3307 349 3374 labe
381 3306 516 3375 inlectos
543 3307 645 3374 luisse
680 3307 885 3387 adstruebat,
909 3308 1190 3395 adversantemque

157 3550 193 3620 (1)
213 3554 300 3609 Exhis
310 3559 410 3614 praeter
418 3556 503 3620 plnres
511 3555 572 3605 alios
585 3557 625 3606 rel
677 3557 817 3618 catalogum
829 3556 914 3618 plures
928 3560 1073 3606 texuerunt.
1093 3510 1187 3609 veiam

120 3650 149 3686 ex
166 3637 227 3699 ipsis
244 3636 392 3688 doctorlbnr
410 3637 544 3687 Facultctis
563 3639 629 3701 pari·
681 3640 712 3688 de
726 3639 762 3686 bis
775 3643 860 3700 {testea
872 3638 1033 3688 disseremus.

120 3722 630 3791 demis‚quaeantea,utinnuimus,con-
718 3716 1188 3790 12)calo.LucensmaenueinOr-

118 3813 223 3862 uanam
232 3808 376 3861 doctrinam
385 3810 526 3870 sectabatur
535 3811 633 3874 praeci-
684 3806 723 3860 bis
732 3806 850 3860 universi
857 3811 976 3860 actorem
982 3803 1189 3874 prodeundum

118 3893 213 3956 pneob
221 3885 403 3942 auctoritatem
411 3891 524 3953 Magistri
533 3896 632 3943 reaten·
681 3889 866 3958 piacctocroe
883 3887 1027 3941 sententiae
1046 3884 1188 3938 deimmcc.

120 3976 286 4045 tiamm,non
308 3974 382 4038 pauci
404 3974 507 4025 luerunt
527 3989 559 4026 ex
578 3977 632 4038 ipso
683 3971 809 4043 Concept.
845 3969 988 4039 Dciporue.
1017 3968 1189 4032 Clangculurti

122 4057 328 4111 Praedicatorum
353 4056 456 4124 Ordine,
475 4059 518 4122 qui
540 4058 631 4108 deinde
684 4051 814 4124 1650,ru.
824 4050 884 4124 ὂψ.
895 4048 960 4123 2,§
969 4049 995 4118 t,
1008 4065 1112 4115 wll

111 4143 182 4206 piam
199 4141 354 4197 sententiam
372 4140 430 4194 tuiti
447 4143 514 4230 sunt.
530 4140 629 4194 Horum
