2828 4904
737 339 862 406 -228
879 374 924 389 —

293 474 364 559 pter
384 467 481 531 sicuti
499 486 574 529 cum
591 464 710 528 acriter
727 459 824 523 nimis
846 459 1013 544 negotium
1036 465 1195 545 urgetur,
1212 460 1371 549 improvida
1393 476 1410 518 ιι

294 573 456 636 amittitur
479 569 566 655 quod
589 569 772 632 inconsulto
784 566 966 631 intenditur
987 562 1068 647 zelo,
1091 565 1138 629 ita
1164 585 1243 629 cnm
1265 588 1302 632 ea
1322 561 1410 658 quad

294 700 354 765 par
368 685 417 741 est
432 673 604 763 prudentia
621 675 697 761 quis
712 671 871 762 procedit,
887 670 982 756 longe
999 666 1136 734 facilius
1160 677 1307 758 optatam
1320 695 1375 761 pan
1394 668 1410 729 ·ι“

296 783 398 867 tinget
417 789 545 845 metam.
571 780 672 845 Porro
694 778 754 844 hac
777 778 817 844 do
833 796 932 843 cansa
953 773 1061 841 varias
1085 774 1325 863 proposuimus
1338 800 1375 845 ra
1390 778 1410 889 qt

295 887 409 961 tiones,
427 881 549 971 quibus
566 891 598 948 et
614 882 832 969 dogmaticum
848 879 900 947 edi
921 887 1022 966 queat
1040 876 1233 958 decretum,
1249 886 1283 944 et
1297 881 1373 947 siud
1391 898 1410 941 u

293 988 392 1052 animi
415 987 474 1074 qui
496 985 614 1051 ollendi
637 996 778 1073 possent,
802 985 940 1050 nimium
969 1002 1047 1078 non¹
1064 981 1318 1070 percellantur,
1337 986 1370 1051 nt'
1394 1003 1410 1045 ιι

292 1094 445 1185 quisque,
466 1092 524 1183 qui
541 1112 595 1155 eas
619 1089 842 1185 perpenderit,
859 1082 966 1189 laoile⁴
979 1108 1038 1175 per
1055 1108 1092 1153 eo
1108 1088 1292 1181 percipiet.
1399 1111 1410 1173 p

1392 1214 1410 1257 a

638 1297 669 1372 C
693 1301 729 1371 A
752 1298 787 1371 P
811 1296 846 1373 U
871 1295 906 1368 'l'
940 1293 1047 1365 Vlll.

1391 1426 1411 1469 n

478 1536 521 1581 oa
546 1535 662 1583 nausis
691 1534 781 1596 oona
807 1529 1028 1582 annsoanane
1056 1531 1221 1580 nossunr
1262 1524 1266 1528 ’
1395 1508 1411 1597 [

431 1642 476 1688 υτ
494 1639 730 1688 noemanncuu
747 1639 935 1686 ononanuna
953 1637 996 1684 ua
1017 1635 1267 1686 tuuacunaro
1394 1625 1411 1680 tu

500 1746 654 1796 vtnouus
672 1745 853 1795 concurro
872 1744 914 1792 aa
931 1742 1023 1791 vena
1039 1741 1189 1792 aaaron
1393 1720 1411 1786 u

1388 1849 1402 1889 -l

85 1992 243 2057 argumenta
286 1960 289 1965 ·
386 1936 568 2024 Inquirenti
591 1935 672 2001 mihi
696 1958 733 2002 ac
757 1935 870 2002 sedulo
893 1931 1060 2020 cogitanti,
1076 1954 1255 2020 quaenam
1271 1933 1370 2025 potissi
1388 1853 1411 2005 ai

63 2078 129 2127 quae
152 2066 244 2116 neunt·
296 2061 384 2106 mum
400 2061 518 2106 causae
536 2038 704 2119 suadeant,
722 2048 760 2106 ut
775 2038 1002 2106 immaculatus
1019 2038 1194 2125 Deiparae
1214 2039 1369 2129 Conceptus
1391 2040 1411 2102 ἐι

64 2136 245 2256 ‘'ssssfflffl
297 2143 488 2234 dogmaticis
508 2142 584 2209 fidei
607 2144 756 2210 articulis
781 2142 1032 2244 adnumeretur,
1059 2143 1276 2210 occurrebat
1295 2143 1369 2212 ani·
1394 2160 1411 2223 ᾷι

85 2277 224 2329 „mcum
296 2248 487 2336 neutiquam
511 2246 694 2329 defuturos,
719 2248 778 2338 qui
793 2269 844 2313 me
860 2245 1100 2314 inconsiderato
1122 2247 1281 2336 quodam
1300 2242 1363 2315 υἰέ
1395 2263 1412 2311 ιι

167 2375 172 2387 ·
297 2359 392 2419 aestu
415 2350 600 2443 abreptum,
628 2360 727 2440 atque
751 2351 961 2418 immoderata
991 2349 1136 2438 quadam
1159 2352 1203 2418 iu
1229 2342 1359 2443 Deip·
1399 2368 1412 2417 ι

280 2511 286 2522 .,
297 2456 456 2544 religione
476 2458 599 2525 elatum
615 2457 835 2525 traducerent.
854 2458 1037 2536 Quorsum,
1054 2457 1241 2544 inquiunt,
1260 2462 1364 2548 spelm
1404 2460 1412 2522 ti

297 2561 430 2644 videris,
442 2564 506 2629 nisi
517 2586 556 2630 eo
572 2571 611 2629 ut
621 2562 835 2651 dogmaticam
850 2562 1068 2629 definitionem
1080 2561 1201 2630 alieno
1213 2564 1308 2653 plane
1319 2568 1372 2626 tan
1409 2586 1412 2626 ι

295 2687 376 2754 pore
399 2666 523 2746 elicias,
538 2665 590 2733 vel
605 2668 715 2755 potius
732 2660 958 2755 extorqueas?
981 2667 1113 2746 Quotus
1134 2667 1233 2733 enim
1262 2665 1373 2756 quisqu
1406 2674 1412 2747 ι’

294 2777 357 2848 est,
379 2791 478 2858 quem
492 2769 638 2838 delinitio
653 2771 732 2838 haec
749 2773 882 2837 anxium
898 2772 932 2835 io
948 2770 1135 2857 praesentia
1149 2771 1282 2838 habeat
1302 2778 1374 2857 atqu
1404 2770 1409 2795 ¹

296 2867 494 2939 sollicitum?
508 2875 596 2940 Haec
611 2882 699 2941 certe
714 2897 795 2940 cura
810 2895 916 2962 neque
932 2872 1068 2963 privatis
1088 2873 1293 2963 quibusque
1311 2868 1375 2939 dtr’r
1404 2898 1412 2909 ·

296 2976 411 3042 stianis
434 2976 571 3057 insidet,
595 2999 670 3044 cum
693 3000 755 3058 eo,
779 2999 845 3067 quo
868 2977 1029 3066 Deiparae
1049 2975 1262 3066 Conceptum
1289 2994 1376 3066 prosa
1400 3000 1412 3049 ι

273 3126 275 3130 »
296 3089 447 3169 quuntur
458 3082 617 3171 obsequio
631 3084 785 3162 contenti,
801 3082 882 3148 nihil
894 3090 1064 3170 praeterea
1075 3083 1277 3169 requirant3
1293 3099 1378 3168 neqat
1398 3060 1413 3107 Ε

298 3185 433 3270 regibus
456 3188 603 3276 virisque
619 3187 842 3278 principibus,
858 3188 980 3275 quippe
997 3185 1055 3274 qui
1078 3185 1168 3252 hanc
1185 3209 1206 3253 a
1225 3187 1308 3255 Sede
1322 3205 1378 3274 apo

297 3290 411 3356 stolica
434 3292 607 3380 implorare
630 3301 729 3380 atque
752 3313 928 3378 exposcere
951 3288 1075 3356 iamdiu
1109 3289 1285 3378 desivere3
1308 3285 1376 3379 quod
1411 3300 1413 3305 '

297 3393 395 3458 etiam
407 3392 446 3459 dc
459 3396 619 3482 episcopis
632 3395 798 3485 plerisque
811 3402 860 3460 est
875 3393 1057 3459 dicendum.
1077 3394 1174 3472 Quid
1191 3396 1301 3480 igitur
1320 3412 1376 3460 car
1410 3482 1413 3489 Ι

297 3517 351 3561 sae
364 3504 424 3576 est,
437 3499 646 3585 quamobrem
662 3501 784 3565 animos
797 3498 1031 3564 catholicorum
1045 3499 1243 3579 concordia,
1252 3490 1374 3588 qnodtl
1392 3478 1409 3497 ⁸

298 3599 379 3665 hanc
396 3604 512 3669 attinet
523 3605 787 3682 controversiam,
801 3602 1084 3669 coniunctissimos
1092 3600 1376 3685 distrahas,etinr

149 3718 154 3729 ’
273 3705 362 3790 ·gia‚
387 3706 615 3787 dissensiones,
640 3730 678 3774 ac
701 3707 837 3778 dissidia
860 3723 1075 3789 commoveas3
1096 3727 1179 3771 cum
1204 3703 1370 3797 praesenti!
1409 3750 1413 3763 -

296 3808 418 3875 nullam
443 3811 665 3877 sanctissimae
680 3812 742 3877 Dei
774 3810 875 3878 Matri
893 3808 1025 3873 honoris
1041 3807 1226 3897 laudisque
1243 3805 1365 3877 accede*

241 3913 262 3987 ᾗ
294 3933 379 3990 nem,
396 3935 502 4004 neque
516 3915 683 3981 Eoclesiae
701 3917 873 3982 universae
887 3913 1097 3980 emolumenti
1113 3913 1252 4002 aliquid
1276 3912 1368 3982 istuc
1411 3954 1413 3980 ι

295 4016 337 4078 sit
349 4015 493 4084 definitio
505 4015 670 4087 allatura?
683 4018 746 4087 Sed
763 4021 791 4085 si
803 4021 882 4085 haec
894 4018 940 4083 ita
957 4024 1044 4095 sunt,
1056 4038 1154 4082 nemo
1167 4018 1368 4108 profectoaot
1395 4018 1414 4089 ⁵.

294 4123 402 4200 sentit,
417 4132 515 4190 totam
532 4125 613 4190 hana
626 4125 890 4212 disputationem,
904 4143 989 4209 quae
1006 4122 1075 4186 sine
1093 4124 1190 4208 gravi
1204 4124 1365 4212 aliquorum

190 4299 192 4303 ,
289 4223 468 4294 ollonsione
491 4230 621 4303 institui
645 4251 708 4299 uon
737 4235 861 4320 potest,
886 4226 1014 4294 silentio
1043 4226 1235 4299 consultius
1266 4230 1363 4321 praetr
1398 4266 1410 4291 ι.

1390 4354 1396 4517 l
