2828 4904
551 333 727 403 ..77-

182 458 223 525 Se
250 455 384 523 demum
417 453 560 544 prodidit
580 453 684 522 latens
708 456 742 521 in
765 450 886 544 populo
919 450 1006 519 fideli
1029 452 1105 541 pius
1128 453 1181 519 hic

97 586 209 632 sensus
221 582 305 648 erga
323 558 486 646 singulare
503 562 539 624 B.
552 559 698 645 Virginis
709 556 928 646 privilegium,
939 578 1043 645 quum
1057 556 1184 622 contro-

96 670 200 737 versia
218 668 253 731 in
271 672 445 751 utramque
459 671 584 752 partem
600 665 790 751 agitaretur.
808 660 1005 729 Universalis
1022 660 1184 749 siquidem

96 773 249 862 protinus
272 778 307 837 et
329 775 477 835 constans
501 768 545 833 ita
569 768 702 834 ellectus
716 774 777 845 est,
796 773 834 831 ut
848 785 1026 852 numquam
1048 765 1187 834 delicere

99 886 156 945 aut
186 876 403 962 languescere
438 873 600 960 potuerit3
641 873 826 959 immoque
854 875 966 964 plures
989 894 1030 937 ex
1053 870 1188 938 adversa

102 989 189 1070 parte
211 979 255 1044 ad
278 999 357 1044 aum
379 973 646 1062 restinguendum
661 974 774 1041 fierent
797 989 943 1056 conatus,
968 996 1006 1040 eo
1029 974 1062 1039 in
1089 976 1190 1041 maio·

104 1106 166 1150 rem
193 1084 324 1168 iugiter
351 1079 579 1145 claritudinem
603 1079 793 1166 prosilierit.
818 1081 913 1147 Dicet
942 1077 1078 1145 sortasse
1101 1080 1191 1167 quis-

99 1190 180 1276 piam
199 1186 365 1274 populum
394 1184 446 1269 agi
469 1185 579 1271 potius
605 1204 702 1270 quam
726 1205 834 1269 agere,
852 1185 960 1272 iisque
984 1183 1191 1250 adhaeresce.

98 1313 129 1355 re
153 1288 342 1365 sententiis,
366 1285 487 1374 quibus
511 1285 660 1351 imbutus
688 1308 706 1351 a
735 1286 922 1374 pastoribus
945 1293 1003 1352 aul
1026 1285 1192 1352 instituto·

96 1394 186 1458 ribus
205 1391 326 1457 luerit:
344 1391 430 1480 quod
447 1391 475 1455 si
490 1391 541 1455 his
556 1388 696 1454 addatur
719 1389 785 1470 illa,
798 1412 884 1478 quae
907 1388 975 1455 lere
999 1397 1114 1477 suapte
1136 1411 1192 1457 na-

97 1510 166 1563 tura
191 1496 298 1561 insita
326 1495 502 1561 christiano
528 1492 649 1580 populo
674 1502 724 1558 est
752 1514 829 1581 erga
854 1496 891 1559 B.
904 1494 1073 1580 Virginem
1090 1494 1193 1582 pietas

103 1622 136 1666 ac
148 1599 341 1689 propensio,
357 1599 478 1686 optime
493 1597 642 1683 intelligi,
663 1620 765 1684 quare
788 1597 898 1663 fideles
920 1599 993 1686 piae
1017 1599 1194 1667 sententiae

96 1706 264 1772 mordicus
291 1703 505 1770 adhaeserint.
536 1703 633 1767 Esto:
658 1702 754 1768 detur
781 1702 816 1768 id
843 1702 948 1769 modo.
976 1704 1066 1783 Quid
1092 1698 1195 1772 inde?

96 1813 219 1899 Nempe
232 1809 400 1897 sequitur,
413 1808 576 1873 Ecclesiae
592 1828 722 1894 quoque
737 1815 882 1895 pastores
900 1830 1101 1876 communem
1112 1810 1194 1877 hanc

96 1916 244 1981 tenuisse
269 1913 473 1990 sententiam,
498 1933 535 1976 ac
558 1932 667 1997 parem
690 1912 790 1976 animi
813 1911 1057 2001 dispositionem
1072 1924 1105 1979 ct
1120 1936 1194 2002 pro·

102 2019 291 2105 pensionem
308 2016 405 2082 ineis
422 2015 580 2081 extitisse:
599 2012 743 2101 adeoque
767 2015 905 2084 alterurn
929 2016 970 2083 ab
994 2017 1094 2085 altero
1110 2040 1194 2086 com·

101 2122 256 2186 munitur.

441 2325 707 2400 CAPUT
754 2326 861 2400 xlv.

163 2566 385 2615 ARGUMENTA
407 2566 644 2628 THEOLOGIOE,
668 2565 758 2627 QUAE
781 2566 803 2613 A
827 2566 905 2613 Ptin
930 2566 1138 2616 SENTENTIA!

344 2670 671 2718 Puoruoudnoumus
695 2673 955 2721 PROFERUNTUR.

191 2863 263 2926 lter
286 2859 350 2925 sibi
378 2867 527 2924 sternunt
541 2858 739 2925 immaculati
757 2859 939 2948 Conceptus
955 2863 1084 2949 patroni
1100 2862 1141 2929 ad
1157 2862 1192 2929 id

103 2964 190 3051 qnod
221 2963 402 3042 intendunt,
426 2964 491 3028 vim
513 2963 709 3028 ostendendo
725 2972 1000 3049 argumentorum,
1018 2988 1102 3054 quae
1118 2988 1193 3033 eon-

102 3066 276 3152 gruentiae
300 3088 358 3131 seu
372 3065 540 3130 'decentiae
556 3067 750 3131 vocitantur.
769 3066 805 3131 ld
832 3088 909 3132 vero
924 3068 1066 3135 efficiunt
1081 3069 1114 3134 in
1129 3090 1194 3134 me-

103 3169 198 3234 dinm
226 3167 429 3258 proferentes
455 3170 653 3257 principium
681 3171 721 3236 ab
743 3173 929 3257 Augustino
943 3173 1194 3260 praestitutum:

106 3272 271 3362 Quidquid
297 3275 355 3340 tibi
379 3296 457 3340 ocra
485 3281 610 3341 ratione
639 3278 749 3341 melius
776 3283 961 3357 occurrerit,
983 3283 1064 3344 scias
1092 3277 1196 3363 fecisse

105 3378 206 3443 Deum
230 3390 393 3468 tamquam
415 3379 566 3446 bonorum
600 3386 737 3446 omnium
760 3383 947 3448 conditorem
971 3378 1037 3472 (l);
1073 3381 1197 3448 scilicet

107 3482 214 3546 lleum
239 3502 366 3570 semper
389 3503 483 3569 agere
507 3481 670 3571 quidquid
686 3490 736 3549 est
751 3484 872 3572 aptius,
890 3494 923 3553 et
936 3492 1044 3552 rectae
1061 3486 1196 3552 rationis

107 3586 276 3653 dictamini
304 3588 546 3654 convenientius
570 3597 713 3675 apparet.

184 3697 254 3761 Hoc
266 3696 428 3783 praeiaeto
439 3693 657 3776 fundamento,
666 3697 730 3784 ipsi
738 3704 856 3784 urgent
867 3699 1007 3765 rationes
1019 3719 1196 3786 congruen-

110 3800 173 3863 tiae
192 3819 276 3886 quas
299 3795 451 3863 bifariam
468 3797 666 3885 dispescunt,
683 3801 716 3864 in
730 3807 883 3889 positivus
899 3803 1023 3868 seilicet
1044 3823 1082 3868 ac
1096 3808 1198 3887 ‘nepa-

108 3909 200 3968 tivos.
213 3900 373 3968 Positivas
388 3923 407 3967 a
423 3900 568 3967 decentia
584 3910 710 3990 petunt,
735 3905 898 3991 negativas
926 3913 1034 3973 autem
1049 3903 1091 3972 ab
1106 3904 1196 3971 inde-

140 4206 176 4283 (s)
193 4209 333 4266 Delibero
347 4209 661 4286 artorious.3‚e.5,n.
679 4212 722 4269 13.

1250 549 1308 613 Qus
1319 547 1395 599 ratio

1235 619 1408 687 reprodidertt

1284 2851 1330 2903 Vls
1348 2861 1411 2914 argu

1245 2922 1326 2974 menti
1363 2935 1412 2973 con

1247 2992 1393 3058 pruenttae.
