2828 4904
442 251 630 322 ..233-

96 345 124 442 lh
151 368 230 458 qnod
246 371 287 438 de
303 370 423 438 Ioanne
437 378 653 461 praecursore
668 369 793 437 iactum
809 369 1007 458 accepimus,
1028 371 1085 438 de·

100 474 272 555 potuisse?
296 477 360 546 Sed
383 489 488 546 tamen
515 501 591 545 curn
616 478 742 547 Natalis
766 478 921 544 sanctitas
941 499 1005 543 non
1030 477 1091 544 fir-

103 580 239 652 nitatnr
262 584 473 651 fundamento
508 606 606 671 quam
629 606 695 672 qno
712 583 897 672 Conceptus
929 585 1085 650 sanctitas

96 689 187 770 rtur,
211 691 271 757 hac
296 691 393 756 semel
417 690 597 776 dogmatice
621 690 810 769 constituta,
833 689 943 777 quivis
968 712 1027 778 per
1050 711 1085 756 se

96 795 266 882 stettigit
283 797 388 883 ipsam
403 795 529 863 Natalis
551 795 756 861 sanctitatem
777 793 946 859 firmarint
964 796 1084 874 asseri,

96 893 196 968 {deo
216 902 308 967 dotes
323 899 430 966 'simul
446 901 609 986 egregias,
626 899 750 986 quibus
771 898 924 965 catholici
945 898 1087 986 theologi

96 1015 153 1066 m
200 1028 302 1095 supra
324 1026 423 1093 qnam
446 1004 512 1070 dini
536 1013 594 1070 ant
617 1004 745 1092 concipi
769 1005 872 1092 possit
895 1002 1085 1092 locupletis·

96 1119 242 1176 natam
266 1117 448 1196 agnoscunt
470 1115 504 1174 et
527 1107 734 1174 confitentur.

96 1223 188 1286 tue
212 1215 276 1281 ista
298 1212 432 1301 quidem
454 1234 539 1301 quae
563 1211 721 1278 hactenus
755 1211 997 1301 disputavimus
1020 1213 1084 1279 etsi

96 1308 121 1374 ἱ
176 1327 264 1399 sunt,
282 1341 367 1408 quae
384 1318 425 1384 ad
441 1319 524 1385 hanc
539 1316 695 1383 edendam
719 1316 940 1383 definitionem
957 1339 1084 1406 permo-

96 1425 357 1490 amentissime
369 1422 552 1502 videantur,
570 1432 676 1488 tamen
691 1444 775 1509 quae
792 1420 929 1488 dicenda
946 1429 1080 1503 restant,

96 1535 200 1593 unt
230 1528 391 1615 graviora.
419 1528 472 1593 Ex
498 1526 621 1614 quihus
649 1526 861 1593 nihilominus
884 1526 945 1592 hoc
976 1548 1081 1592 unum

96 1629 258 1710 toraho,
271 1629 490 1696 definitionem
504 1630 600 1695 istam
612 1628 792 1718 plurimum
811 1629 1021 1697 emolumenti
1036 1637 1084 1695 at·

96 1718 235 1802 litatis
259 1737 394 1824 (contra
416 1744 516 1823 atque
538 1744 668 1802 nostrae
697 1737 875 1803 sententiae
903 1736 1085 1803 adversarii

155 1842 228 1908 loco
244 1838 416 1930 ponebant)
436 1841 603 1909 Ecclesiae
618 1842 791 1908 universae
806 1863 877 1908 esse
899 1841 1083 1907 allaturam.

96 1947 340 2012 lnotissimam
362 1947 423 2012 llei
442 1949 581 2013 Matrem
593 1946 648 2039 sel
670 1948 802 2013 minima
817 1968 968 2036 quaeque
990 1946 1084 2013 obse-

96 2054 189 2130 {ue
211 2052 316 2116 officia
332 2052 592 2118 cumulatissime
615 2052 832 2131 remunerari,
845 2051 1082 2119 catholicorum

104 2162 196 2219 non
219 2161 270 2221 est
284 2156 587 2243 persuasissimum.
606 2154 695 2234 Quid
719 2164 770 2222 est
785 2155 901 2242 igitur,
919 2155 1007 2243 qnod
1023 2157 1085 2221 Ec·

96 2243 151 2322 h
174 2258 287 2326 eadem
308 2260 370 2326 Dei
387 2262 493 2326 Matre
510 2261 585 2328 iure
601 2260 724 2346 optimo
745 2268 918 2349 expectare
941 2281 1005 2326 non
1028 2259 1084 2326 de-

96 2348 155 2430 lo
178 2365 265 2431 edito
283 2365 413 2432 decreto
429 2389 470 2431 ex
487 2384 553 2454 quo
571 2374 696 2433 tantum
720 2365 845 2453 gloriae
861 2367 895 2431 in
919 2366 1008 2432 illam
1028 2387 1084 2432 ne·

103 2479 153 2533 st
187 2465 402 2536 redundare?
426 2472 565 2548 Guinam
588 2470 728 2537 dubium
751 2492 823 2537 esse
846 2479 977 2559 potest,
1001 2472 1084 2560 quin

96 2583 158 2639 tae
175 2574 289 2662 populi
312 2575 484 2641 christiani
499 2576 590 2642 nullo
608 2597 674 2642 non
691 2584 835 2664 tempore
855 2575 922 2642 tuit
945 2586 1084 2666 patrona

96 2668 144 2742 ''ls
166 2674 383 2766 columenque
406 2679 646 2760 firmissimum,
672 2682 770 2747 cuius
793 2701 887 2770 opem
903 2690 937 2747 et
957 2683 1081 2768 praesi-

98 2796 196 2849 nemo
223 2806 369 2873 unquam
400 2784 525 2852 frustra
548 2787 754 2874 imploravit,
778 2810 798 2853 a
821 2809 888 2875 qna
910 2787 1083 2853 haeresum

96 2905 134 2952 tm
156 2897 301 2955 monstra
330 2890 457 2956 devicta
481 2911 519 2956 ne
542 2890 715 2977 prolligata
739 2900 835 2971 sunt,
861 2892 1010 2972 cuinam,
1035 2892 1084 2957 in·

96 2994 254 3066 ‚dubium
277 3016 349 3059 esse
379 3002 503 3082 potest,
532 2996 613 3082 quin
646 2996 706 3062 hoc
729 2997 889 3062 inusitato
923 2994 1083 3084 obsequio

96 3107 134 3164 tta
150 3101 341 3167 catholicam
356 3101 548 3180 Ecclesiam,
560 3110 606 3167 tot
623 3102 771 3190 undique
786 3100 1003 3170 'acerbissimo
1020 3105 1081 3169 hoc

96 3226 133 3269 re
156 3213 280 3292 septam
303 3215 336 3272 et
360 3205 509 3272 vallatam
531 3207 701 3293 periculis,
715 3207 875 3294 singulari
898 3209 1010 3275 studio
1026 3218 1084 3274 tu·'

96 3330 119 3374 n
142 3317 174 3373 et
198 3309 430 3376 defendendam
448 3305 639 3399 suscipiat?
663 3315 734 3380 Non
753 3312 891 3379 diffiteor
914 3313 1078 3402 equidem,

96 3414 166 3479 tiam
197 3415 300 3502 ipsam
324 3424 429 3483 aetate
452 3416 512 3482 hae
535 3424 669 3498 nostra,
694 3416 820 3485 frustra
854 3419 1080 3486 obnitentibus

96 3517 239 3597 ostibus,
257 3520 431 3606 propagari
447 3519 619 3601 latissime,
637 3529 671 3587 et
685 3521 816 3589 fructus
833 3522 930 3589 edere
951 3522 1081 3589 uberri-

96 3630 120 3687 tt
132 3621 214 3686 illud
230 3623 328 3688 etiam
344 3624 450 3706 video,
464 3625 660 3691 acatholicos
676 3627 734 3714 qui
750 3626 897 3715 undique
913 3626 1001 3693 illam
1018 3628 1081 3694 cir·

99 3734 164 3804 ant,
189 3727 297 3792 omnia
320 3729 440 3807 moliri,
468 3750 578 3796 omnes
601 3752 753 3796 exserere
769 3732 868 3810 vires,
887 3739 924 3797 nt
944 3753 1027 3812 eam,
1052 3733 1081 3798 si

1136 404 1181 470 qni
1199 405 1278 470 Vltgh

1136 481 1209 526 ortus
1222 490 1277 540 prop

1135 551 1215 609 gnam
1227 560 1277 599 sent

1136 624 1216 671 ulem

1172 1229 1203 1278 ln
1221 1231 1277 1280 bont

1136 1300 1244 1352 cederet
1256 1300 1277 1348 V

1137 1371 1222 1434 ginsm
1232 1371 1277 1422 coh

1137 1442 1203 1492 tium
1239 1446 1277 1505 atq

1136 1513 1203 1564 adeo
1225 1514 1277 1565 Em

1137 1583 1190 1635 stas
1210 1585 1277 1638 untn

1137 1666 1182 1707 sne

96 3831 197 3910 ›ossit,
215 3832 343 3918 quavi,
361 3855 426 3920 qua
442 3833 636 3913 fraudibus,
662 3838 866 3916 concutiant,
893 3835 1078 3916 subruant,
1202 3890 1204 3892 a

96 3942 192 4000 etent.
218 3938 292 4015 Quo
327 3959 405 4024 ergo
428 3938 481 4004 illi
511 3938 654 4006 validius
677 3949 777 4029 atque
801 3934 911 4006 aerius
948 3938 1081 4032 student

96 4061 112 4103 a
137 4048 265 4106 struere
289 4042 425 4108 consilia
448 4049 546 4130 atque
570 4044 737 4132 perficere,
756 4066 795 4110 eo
818 4045 921 4131 magis
938 4041 1084 4132 Reginae

96 4144 256 4212 utissimae
280 4167 341 4234 ope
364 4154 396 4212 et
419 4146 586 4235 praesidio
610 4147 806 4235 indigemus,
831 4157 870 4217 ut
893 4149 1010 4237 impios
1029 4171 1082 4216 eo-
