2828 4904
96 440 120 483 c
136 422 204 486 eius
222 418 404 498 sanctitate,
422 429 479 485 aut
494 442 569 486 vero
585 416 682 482 etiam
699 436 768 480 eam
784 413 933 499 inficiari3
955 423 1028 504 post

96 545 179 612 {uam
201 527 283 592 illud
299 527 474 592 universim
491 524 685 600 celebratur,
702 530 767 589 eta
792 523 925 588 summis
947 523 1028 588 Pon-

96 650 105 693 s
123 642 169 698 est
184 632 353 709 sancitum,
372 630 515 718 prolecto
533 631 596 718 ipsi
613 629 645 697 vi
668 627 799 693 admissi
824 628 1028 694 theorematis

111 756 162 800 ore
185 733 388 820 proclamati,
413 734 440 797 si
464 739 567 797 aetate
590 731 649 796 hac
672 736 781 794 nostra
797 729 831 794 iu
853 729 936 796 vivis
959 749 1031 815 age·

96 839 247 904 ecessario
269 838 414 924 protiteri
435 844 626 910 coucrentur
648 834 792 900 eiusdem
812 834 1031 921 conceptionis

96 951 177 1020 tem,
204 963 262 1006 seu
286 941 520 1005 immunitatem
543 941 576 1004 in
604 938 662 1003 hoc
689 945 846 1024 conceptu
874 959 893 1003 e
916 936 1031 1025 quavis

112 1046 204 1111 sorde
228 1045 362 1133 peccati.
387 1047 454 1109 Hoc
477 1042 702 1129 argumentum
728 1042 938 1108 ineluctabile
964 1051 1031 1123 est,

96 1151 140 1217 lia
156 1149 279 1236 indiget
301 1148 500 1237 probatione.
519 1149 601 1227 Quis
622 1148 705 1212 enim
727 1155 832 1233 neget,
855 1146 913 1211 hos
933 1147 1034 1234 ipsos·

96 1263 190 1319 :tores
214 1253 424 1339 doctoresque
451 1272 512 1316 cen
542 1250 726 1316 temerarios
749 1250 917 1315 habituros
946 1272 1033 1317 nnnc

96 1378 137 1435 is,
155 1356 212 1442 qui
230 1354 305 1419 huic
321 1354 485 1420 doctrinae
509 1353 668 1440 refragari
693 1345 874 1418 auderent?
896 1353 945 1428 Ne
974 1352 1034 1440 igi-

96 1468 180 1524 tores
207 1458 280 1523 illos
309 1466 366 1523 aut
389 1479 498 1523 secum
520 1457 601 1544 ipsis
630 1455 809 1543 improvide
836 1456 1035 1525 committere

96 1605 112 1642 κ,
135 1570 193 1628 aut
215 1563 350 1649 cleptem
371 1582 520 1628 vocemus
542 1558 643 1649 (quod
664 1560 825 1627 iniurium
840 1561 920 1648 ipsis
936 1569 1032 1642 esset,

96 1665 255 1755 niquum),
274 1665 434 1732 fateamur
449 1688 578 1732 necesse
596 1673 656 1746 est,
679 1687 733 1732 eos
750 1664 791 1732 ad
813 1687 915 1732 unum
926 1686 1035 1734 omnes

96 1773 179 1860 cipio
194 1771 233 1837 ab
251 1771 331 1858 ipsis
353 1780 494 1858 recepto,
510 1778 609 1859 atque
624 1793 666 1838 ex
685 1772 825 1839 causalis
846 1772 967 1839 vinculi
984 1794 1034 1838 ra-

96 1874 149 1940 rod
164 1874 364 1941 intercedere
386 1873 523 1963 professi
543 1876 719 1943 suntiuter
742 1876 944 1944 sanctitatem
960 1875 1034 1942 Vir·

96 1988 166 2045 rtus
189 2000 226 2045 ac
249 1978 363 2046 testam
392 1980 537 2045 eiusdem
565 1979 807 2048 sollemnitatem
829 1982 863 2046 iu
889 1980 1034 2048 Ecclesia

96 2104 122 2161 o,
140 2103 256 2148 causac
273 2091 401 2148 nostrae
417 2105 475 2149 seu
491 2084 669 2170 patrocinio
680 2083 904 2151 immaculatae
917 2084 1035 2152 Conce-

94 2188 216 2277 absque
240 2190 306 2254 ulla
329 2189 530 2256 dubitatione
545 2189 613 2256 iore
634 2191 899 2278 adstipulatores.
1184 2260 1188 2276 ¹

96 2293 194 2359 xinde
228 2293 397 2380 sequitur,
425 2293 656 2374 scholasticos,
688 2294 900 2381 doctoresque
926 2314 1035 2361 omues
1097 2311 1263 2366 semitertius

97 2398 163 2463 uod
196 2405 383 2484 nuncupant
405 2398 498 2476 aevi,
522 2399 668 2485 quamvis
691 2398 795 2485 primo
817 2397 936 2479 obtutu
963 2397 1035 2486 piae

96 2524 135 2567 ae
164 2501 203 2567 de
226 2501 430 2567 immaculato
461 2501 625 2589 Conceptu
649 2501 812 2568 adversari
841 2501 1036 2582 videantur,

96 2611 201 2669 tamen
228 2603 361 2670 totidem
394 2625 464 2670 esse
492 2604 667 2670 sententiae
697 2605 842 2671 eiusdem
873 2612 1035 2693 patronos.

96 2707 172 2772 illud
194 2717 361 2795 praeterea
379 2707 540 2795 sequitur,
557 2707 644 2773 haud
660 2707 778 2796 opponi
795 2730 850 2775 eos
871 2729 964 2797 posse
985 2731 1038 2776 ve-

96 2813 220 2877 rmissae
232 2833 290 2899 per
304 2832 373 2877 eam
390 2820 537 2890 aetatem,
549 2811 583 2877 in
599 2834 664 2899 qna
681 2812 874 2892 floruerunt,
892 2812 1037 2880 traditio·

96 2936 144 3000 es3
161 2937 236 2982 cum
257 2916 321 3003 ipsi
337 2915 474 2982 habendi
493 2916 622 2984 omnino
642 2917 706 2981 sint
728 2918 777 2982 uti
793 2918 913 3002 privati
929 2916 1037 2983 docto-

98 3021 172 3107 ippe
188 3020 246 3108 qui
261 3018 482 3098 fundamento,
507 3020 594 3107 quod
616 3029 665 3085 est
687 3019 721 3084 in
737 3021 901 3086 Ecclesiae
921 3020 1036 3107 agendi

98 3132 131 3191 et
145 3124 378 3192 consuetudine
395 3126 505 3203 situm,
523 3124 675 3212 quodque
692 3126 903 3212 praecipuum
922 3125 981 3193 huc
1000 3126 1034 3191 iu

96 3236 243 3306 carentes,
260 3227 390 3314 propria
410 3236 534 3292 tanturn
545 3249 729 3315 prompsere
746 3249 853 3294 seusa:
868 3228 945 3293 dum
961 3250 1035 3295 con·

96 3332 129 3397 nl
148 3332 321 3418 Virgineac
342 3332 519 3398 nativitatis
540 3334 741 3398 sanctitatem
764 3333 924 3400 eiusmodi
943 3341 1035 3400 eraut

96 3442 201 3502 cutum
220 3435 316 3502 nacti.
341 3436 378 3502 lu
400 3435 459 3501 hac
478 3457 575 3525 porro
591 3436 689 3503 iidem
704 3436 768 3525 ipsi
791 3436 967 3504 adserenda
987 3437 1034 3505 ita

96 3682 188 3734 imonis
208 3682 343 3734 sufficiant.
361 3683 462 3748 Legesis
514 3688 618 3748 peccato
639 3683 744 3748 originis
766 3689 915 3748 conceptum
939 3685 1030 3734 tredu-

96 3782 111 3818 ι.
125 3769 168 3818 eit·
183 3766 370 3821 Controversia
387 3767 460 3822 della
513 3769 588 3835 risse,
600 3783 658 3819 cum
670 3783 714 3833 per
732 3770 758 3821 id
770 3771 805 3820 nit
817 3769 886 3820 atiud
900 3768 1025 3832 significe-

96 3866 114 3903 ω
124 3865 161 3904 ec.
169 3853 214 3904 lib.
225 3847 252 3904 3.
261 3867 284 3904 c.
293 3845 336 3904 24.
344 3846 389 3908 25.
399 3854 460 3916 Quis
514 3859 569 3904 tum
582 3854 728 3920 notuerint,
742 3855 789 3904 nisi
803 3855 872 3904 iliam
892 3856 1027 3918 parentum

96 3942 177 4004 retur,
186 3952 230 3988 eos
242 3939 404 3989 scholasticos
415 3939 459 4002 qui
513 3938 717 4002 concupiscentie
741 3939 850 4002 genitam
874 3931 973 3987 tuisse?
998 3937 1028 3986 ln

96 4033 101 4067 ,·
113 4020 178 4069 adeo
187 4020 219 4069 de
229 4025 333 4084 peccato
343 4020 460 4082 originali
514 4033 566 4084 qno
577 4013 694 4084 prolecto
705 4019 767 4070 nihii
777 4024 816 4072 est
826 4018 897 4086 quod
909 4019 967 4082 pino
980 4017 1029 4069 ob-

97 4108 117 4168 t,
126 4103 220 4166 hasque
230 4105 323 4167 peccati
333 4102 461 4166 originalis
514 4085 584 4155 sislnt
599 4104 747 4157 sententiae.

96 4185 241 4267 obitorum,
252 4187 282 4237 s.
293 4187 422 4253 Virginem
434 4187 460 4238 in
