2828 4904
553 310 740 384 -153-

456 539 721 615 CAPUT
768 537 837 612 Π.

260 783 307 829 n!
341 778 570 830 tuniculam
604 777 758 827 numnis
793 779 1031 827 concursioni

285 882 404 946 Quoto
418 882 495 930 trus
512 879 746 928 nocmd'rtcnm
762 881 1010 949 nmm'rlonnrd

183 1073 285 1153 Quae
299 1074 456 1139 hactenns
470 1071 735 1160 praestituimus,
752 1069 792 1136 ad
813 1066 988 1136 articulum
1012 1069 1051 1136 d'e
1075 1069 1185 1135 imma·

102 1179 206 1247 cnlata
230 1176 449 1265 Conceptione
472 1182 549 1242 sunt
570 1174 780 1254 traducenda,
796 1196 945 1263 quaeque
962 1174 1185 1241 attulimusc-

96 1280 267 1371 rempla
256 1302 323 1348 ram
341 1302 416 1347 cum
437 1285 628 1366 argumento
650 1277 739 1365 quod
758 1299 924 1346 versamus
931 1278 1008 1345 heic
1021 1285 1096 1345 sunt
1112 1299 1185 1344 con-

96 1385 247 1454 ferenda.
272 1383 369 1464 Quod
391 1392 429 1449 ut
451 1383 508 1448 liat
530 1383 752 1462 luculentius,
780 1380 822 1447 ob
846 1382 957 1448 oculos
981 1390 1058 1448 sunt
1084 1381 1187 1449 subii-

96 1490 211 1560 cienda
229 1488 440 1556 fundamenta
458 1487 581 1576 quibus
599 1487 678 1554 baec
695 1487 852 1552 sententia
865 1487 1028 1567 innititur,
1046 1508 1083 1553 ac
1098 1485 1187 1552 dein·

97 1616 172 1683 copo
194 1593 242 1661 ad
265 1593 465 1659 conditiones
488 1614 570 1680 quas
585 1592 847 1658 enumeravimus
870 1590 1095 1679 expendendas
1113 1610 1188 1679 pro·

96 1699 327 1791 mdiondum
351 1708 389 1766 nt
415 1720 512 1787 quem
534 1699 736 1786 propositum
758 1695 914 1763 babemus
937 1696 1033 1764 finem
1060 1697 1188 1765 tandem

96 1807 273 1896 auspicato
297 1824 543 1892 consequamur.

189 1912 352 1999 Quamvis
369 1910 475 1977 Biblia
491 1909 596 1998 prima
619 1907 726 1974 fronte
742 1929 779 1974 ac
795 1908 902 1996 specie
925 1913 1020 1974 tenus
1042 1910 1078 1976 in
1103 1929 1189 1975 com-

96 2015 192 2081 muni
211 2013 344 2102 peccati
359 2005 589 2100 propagatione
609 2012 648 2076 B.
664 2010 833 2096 Virginem
856 2009 1126 2096 comprehendere
1140 2011 1188 2077 vi·

101 2118 258 2203 dentnr3
284 2117 392 2205 reipsa
414 2122 520 2182 tamen
547 2115 768 2202 exceptionem
789 2135 850 2201 pro
876 2114 1083 2180 immaculato
1107 2114 1188 2181 Gon·

96 2226 194 2308 cepto
218 2217 393 2287 admittere
408 2217 443 2283 in
460 2217 532 2282 eius
549 2213 692 2282 favorem
721 2236 838 2303 posse,
871 2215 1062 2283 immonem
1080 2223 1113 2280 et
1134 2213 1189 2280 de·

96 2321 175 2391 bore
195 2322 418 2389 constitutum
439 2320 504 2386 iam
526 2328 587 2399 cst,
611 2317 791 2385 fatentibus
813 2317 901 2384 ultro
927 2317 1009 2406 ipsis
1033 2317 1188 2385 adversae

96 2426 281 2499 mantiae
310 2424 608 2512 propugnatoribus
640 2421 694 2512 (lt.
727 2423 815 2502 Quin
845 2423 944 2490 etiam
978 2422 1087 2489 Biblia
1116 2423 1188 2511 ipsa

100 2550 230 2618 gumen
260 2529 363 2597 veluti
389 2529 551 2617 quoddam
580 2529 762 2606 continent,
790 2548 856 2616 quo
878 2520 1016 2616 positive
1039 2550 1057 2595 e
1085 2529 1187 2595 sacris

104 2634 223 2704 litteris
247 2634 376 2701 adstrui
398 2635 452 2723 pia
481 2635 638 2700 sententia
660 2634 763 2721 possit
787 2630 841 2722 (2).

184 2738 287 2822 Quod
297 2746 331 2805 et
341 2738 380 2806 de
392 2741 525 2805 Petrum
538 2739 642 2804 effatis
654 2746 704 2804 cst
715 2736 933 2805 asserendum.
948 2739 1089 2805 Tametsi
1101 2739 1188 2805 enim

100 2862 120 2909 ι
139 2843 267 2932 ιῐιίιιιοο
281 2840 447 2908 Ecclesiae
471 2840 600 2907 saeculo
621 2840 767 2907 nonnulli
785 2841 938 2908 videntur
957 2841 1070 2906 Patres
1094 2862 1189 2927 gene·

103 2947 228 3014 relibns
251 2947 322 3013 suis
344 2944 622 3034 propositionibus
641 2948 678 3010 B.
699 2946 867 3031 Virginem
890 2946 924 3010 in
948 2947 1111 3011 communi
1134 2945 1188 3012 da-

105 3051 265 3124 mnatione
298 3049 477 3138 complecti,
503 3071 568 3138 qua
590 3047 712 3115 factum
735 3056 806 3127 est,
831 3056 868 3113 ut
891 3049 962 3136 ipsa
985 3056 1185 3116 acontracto

105 3162 234 3242 peooato
255 3153 448 3242 primigenio
471 3152 587 3218 redimi
610 3152 770 3236 debuerit3
791 3159 897 3217 tamen
916 3173 1030 3218 corum
1053 3173 1185 3240 quoquc

108 3255 197 3323 effata
213 3257 397 3324 necessario
412 3255 546 3336 debent,
570 3257 666 3321 etiam
682 3257 716 3320 in
733 3253 993 3321 adversariorum
1015 3255 1186 3336 sententia,

110 3356 241 3482 benigne
256 3361 407 3448 intelligi,
416 3381 461 3427 ne
476 3354 550 3449 plus
566 3360 703 3448 probent
718 3359 849 3426 illorum
865 3358 961 3440 dicta,
975 3380 1073 3447 qnam
1087 3359 1187 3428 iidem

113 3463 171 3553 ipsi
192 3466 313 3534 vellent
335 3466 391 3555 (3).
408 3466 571 3532 Interim
562 3484 596 3531 m
619 3466 767 3554 priorum
791 3465 976 3531 seculorum
998 3486 1185 3531 monumen·

111 3568 179 3636 tis·
168 3592 233 3638 ram
248 3571 323 3660 piae
346 3571 523 3638 sententiae
547 3571 690 3691 germina
713 3569 859 3648 elu'cent,
882 3592 967 3658 quae
989 3591 1007 3635 a
1030 3567 1185 3635 Patribus

109 3662 307 3763 apostolicis,
342 3683 440 3764 atque
471 3697 490 3743 a
519 3676 644 3764 graecis
675 3675 799 3763 pariter
825 3697 862 3742 ac
893 3662 1001 3741 latinis
1025 3673 1083 3761 qui
1107 3681 1184 3739 sunt

105 3774 172 3847 illos
193 3781 301 3850 secuti
327 3782 429 3869 magis
452 3803 490 3847 ac
512 3782 615 3868 magis
639 3781 767 3848 evoluta
795 3787 871 3846 sunt
887 3787 985 3868 atque
1007 3778 1180 3877 explicata

104 3876 180 3952 llinc
202 3883 389 4009 traditionis
411 3885 503 3952 filum
525 3907 703 3974 numquam
726 3882 791 3950 luit
813 3885 1015 3965 intercisum,
1031 3883 1129 3950 immo
1149 3891 1182 3951 et

138 4130 172 4202 li)
192 4134 350 4188 desolentur
378 4150 444 4201 quae
470 4135 614 4201 scripsimus
702 4125 811 4200 Ullbid.

99 4216 365 4289 rar.1.cap.xv.§.
378 4222 399 4271 1.
531 4260 534 4265 ,
705 4215 903 4288 (3)1bid.5.11.

1267 1081 1338 1149 Quae
1348 1084 1408 1134 dict

1236 1157 1307 1219 sunt,
1324 1154 1356 1204 ad
1376 1166 1404 1201 ar

1255 1228 1404 1286 gementum

1236 1293 1271 1343 de
1291 1294 1409 1346 immacul

1237 1361 1411 1430 conceptione

1253 1437 1310 1487 tran
1312 1436 1398 1488 amno
1398 1461 1413 1474 -

1309 1511 1355 1558 tur

1265 1941 1401 1990 Praeoou

1238 2017 1280 2062 tur
1293 2012 1376 2075 aliqua
