2820 4890
55 426 251 510 clipeumue
275 432 341 493 eius
364 430 472 515 potius
495 408 590 517 quom
613 428 818 513 conceptionis
849 429 883 489 in
905 424 959 488 die
979 444 1084 491 conce*
1146 444 1149 449 ’

55 530 308 621 ceruum
899 600 903 609 .

55 650 62 683 a
95 626 199 722 Neque
210 634 320 703 a‘hhis
336 634 499 720 discrepat
518 632 606 705 card.
625 632 852 709 Beltarminns‚
871 631 926 697 cni
947 652 1022 698 cum
1044 631 1086 698 alr
1167 619 1206 671 Β*
1218 620 1289 671 ⁶⁸¹⁶·

55 730 171 843 huticis
196 741 398 808 obiiceretur
420 739 545 825 aliquot
566 737 649 803 festa
671 735 753 802 salso
777 735 838 801 niti
860 733 1086 814 fundamento,

1151 690 1307 769 Benarqrtno

113 837 178 925 lpus
209 867 285 911 vero
324 842 445 910 festum
480 841 708 929 Conceptiouis
739 843 776 906 B.
814 840 964 919 Mariae,
1000 839 1088 928 quod

91 1012 95 1017 .
122 949 245 1015 nardus
266 948 457 1014 nominatim
472 945 679 1033 reprehendit
694 945 728 1010 in
745 945 882 1033 epistola
899 941 966 1013 iil
982 945 1023 1011 ad
1040 966 1092 1012 ca-

99 1040 104 1057 '
134 1052 390 1140 slugdunenses‚
414 1051 586 1140 respondet
608 1050 715 1137 primo
731 1049 764 1114 in
784 1050 901 1115 maiori
924 1049 1092 1116 Ecclesiae

134 1154 175 1241 pie
194 1157 280 1224 credi
305 1159 343 1223 B.
367 1157 536 1243 Virginem
559 1155 628 1244 sine
648 1163 781 1242 peccato
803 1153 955 1241 originali
978 1175 1091 1222 conce·

55 1256 57 1275 ⁵
122 1268 166 1324 tat
183 1262 320 1327 secundo
336 1259 426 1325 addit
440 1261 476 1326 in
491 1280 559 1325 rem
580 1269 741 1323 nostram:
757 1258 1011 1325 Fundamentum
1033 1258 1091 1325 lu-

58 1348 153 1439 'filtra'
167 1389 226 1433 non
248 1390 308 1432 esec
327 1365 561 1454 conceptionem
584 1366 821 1429 immaculatam
834 1364 952 1430 Matris
966 1364 1028 1429 oet
1042 1364 1093 1448 su-

56 1458 126 1549 ,ῧὶ
136 1468 367 1559 Qualiscumque
382 1477 462 1537 enim
478 1472 576 1555 suerit
591 1471 651 1535 illc
676 1474 848 1556 conceptio,
869 1492 904 1535 eo
926 1475 993 1558 apso
1008 1470 1095 1558 quod

55 1568 157 1669 Sto
177 1577 242 1670 suit
256 1577 380 1654 ‚Manis
400 1575 480 1654 Dei,
503 1576 665 1660 simpulum
688 1575 842 1660 qoudium
863 1577 955 1663 offert
976 1574 1091 1640 mundo

55 1662 249 1749 *mortu
268 1671 365 1747 'douc
389 1686 469 1747 enim
479 1686 628 1769 primum
650 1679 814 1745 doluimus
835 1684 951 1766 piqnus
974 1692 1093 1747 certum

55 1758 243 1863 Μὴ,
261 1789 447 1874 praesertim
476 1807 548 1850 cum
569 1804 634 1850 non
655 1789 720 1849 sine
746 1786 902 1850 miraculo
930 1807 969 1850 en
991 1797 1091 1850 matre

55 1864 113 1945 Μ’
125 1904 272 1979 conceptu
286 1892 393 1977 luent.
411 1891 523 1979 Itaque
543 1890 600 1957 loc
614 1891 726 1976 secun
741 1896 834 1955 etium
851 1892 903 1955 illi
923 1890 1094 1969 celebrent,

55 1974 192 2063 Ument
213 1996 367 2082 l'e'rqinem
389 2001 424 2060 in
442 2007 767 2087 peccotoconceptom
791 1993 846 2084 (⁶2).

55 2076 67 2133 l*
99 2082 142 2151 Vel
166 2100 272 2164 etiam
295 2098 361 2164 dici
389 2086 495 2187 potest
525 2105 732 2187 conceptionis
754 2121 883 2179 vocem,
908 2121 994 2185 quae
1014 2101 1094 2166 sive
1168 2118 1214 2169 'ux
1232 2129 1325 2167 conm-

55 2182 152 2303 tlissa
182 2205 253 2272 sive
270 2205 304 2271 in
320 2205 435 2271 Officio
458 2204 568 2272 divino
584 2213 789 2292 usurpatur,
813 2204 902 2271 haud
922 2226 1034 2292 presse
1053 2220 1093 2270 ae
1145 2188 1325 2311 ffi‘gffl‘m‘

55 2306 125 2373 l¹¹⁰⁰
149 2323 258 2376 sensu
281 2332 341 2398 pro
364 2310 469 2398 primo
491 2317 663 2389 momento,
676 2332 743 2397 quo
759 2311 796 2375 B.
813 2310 916 2397 Virgo
938 2317 1093 2398 concepta

55 2391 246 2499 l⁸dl¹lberi3
271 2413 327 2480 scd
350 2413 460 2480 latiori
487 2413 627 2502 quadam
647 2434 684 2479 ac
706 2413 809 2479 veluti
832 2414 948 2481 morali
971 2413 1094 2502 signiti-

55 2490 128 2619 Η·
146 2517 282 2606 accipi,
306 2520 354 2584 sic
376 2528 416 2584 ut
438 2516 574 2606 proinde
601 2517 733 2584 extendi
755 2521 859 2605 possit
893 2519 933 2585 ad
962 2519 1096 2608 aliquod

55 2614 156 2685 '⁰³¹⁸
174 2632 344 2708 punctum,
362 2623 450 2713 quod
465 2624 609 2690 eamdem
623 2627 865 2714 conceptionem
880 2648 939 2693 seu
952 2629 1095 2715 primum

55 2716 203 2792 “ntum
218 2729 433 2795 subsecutum
449 2736 509 2795 est.
527 2731 577 2795 lta
594 2728 688 2817 piune
705 2751 779 2795 cum
796 2730 937 2797 dicimus
961 2732 1095 2820 aliquod

55 2815 165 2927 {Mi
182 2836 306 2900 exordio
330 2835 523 2920 contigisse,
548 2856 611 2900 non
638 2834 720 2900 hanc
749 2837 794 2901 ita
818 2847 1022 2904 coarctamus
1052 2839 1097 2905 lo·

55 2916 185 3015 limem,
198 2948 235 3006 ut
248 2940 288 3007 de
311 2941 417 3028 primo
432 2941 568 3031 physico
582 2951 754 3018 momento,
771 2964 838 3030 quo
855 2943 996 3010 mundus
1024 2966 1101 3011 conv
1200 2929 1202 2933 ¹

55 3032 87 3077 ⁰⁸
97 3038 184 3118 5³81,
196 3041 408 3129 intelligatur,
426 3043 483 3109 sed
505 3044 578 3109 eius
601 3044 806 3110 extendimus
829 3045 1096 3131 significationem

65 3120 183 3236 millen
207 3145 290 3212 illud
313 3156 440 3236 tempus
464 3147 552 3234 quod
582 3149 730 3236 proxime
755 3171 772 3213 a
796 3149 908 3215 mundi
932 3151 1098 3216 creatione
1205 3204 1214 3215 .

56 3236 154 3305 ⁰¹¹¹·
176 3251 239 3317 lloc
262 3273 361 3340 porro
384 3275 425 3318 ex
448 3276 487 3319 eo
510 3252 731 3333 confirmatur,
749 3254 837 3342 quod
854 3276 928 3320 cum
961 3256 1097 3322 instaret
1221 3302 1224 3307 -
1284 3284 1294 3335 ,ς

55 3339 280 3419 ‘ecstaticus
310 3375 370 3441 per
399 3362 560 3421 oratorem
584 3358 738 3422 suumin
770 3356 857 3424 Urbe
881 3357 969 3445 apud
997 3357 1100 3425 Urba-

55 3424 207 3546 llvlll,
221 3463 259 3520 ul
282 3455 317 3520 in
337 3459 584 3543 congregatione
606 3480 631 3523 s.
655 3457 762 3523 Officii
778 3458 1000 3526 declararetur
1019 3458 1100 3526 Con-

55 3540 169 3649 lituu
186 3578 299 3633 nomen
328 3567 393 3626 tam
423 3562 456 3626 iu
479 3563 601 3641 Missa,
625 3584 723 3649 quam
753 3563 785 3628 in
817 3564 905 3629 horis
937 3565 1100 3631 canonicis

55 3630 168 3724 moeri
186 3660 226 3727 ab
248 3663 395 3731 Ecclesia
414 3664 454 3730 ud
470 3666 612 3753 primum
627 3673 824 3731 momentum
841 3667 1104 3755 significandum*

55 3741 212 3863 pinetae
222 3769 260 3833 B.
275 3768 422 3854 Virginis
435 3770 596 3835 animatus
611 3777 676 3848 est,
687 3771 798 3836 renuit
821 3780 1005 3838 constanter
1021 3772 1102 3836 Pon·
1191 3778 1203 3867 J

55 3844 135 3932 Q,
154 3880 236 3937 ratus
262 3874 424 3941 eiusmodi
452 3874 668 3942 declaratione
695 3876 902 3964 aliquatenus
932 3876 1102 3942 definitum
1178 3882 1190 3916 ·'

65 3952 201 4049 Μῶα
214 3986 252 4045 nt
263 3979 369 4060 aiunt,
382 3981 549 4070 implicite,
565 3985 601 4048 B.
615 3983 783 4069 Virginem
791 4005 850 4071 pro
867 3982 922 4047 illo
940 3991 1103 4073 momento

100 4187 191 4264 lllltn.
199 4230 226 4280 q.
234 4206 269 4269 27
280 4229 318 4267 ar.
330 4207 389 4267 'dud
407 4211 432 4268 3.
575 4208 611 4286 (2)
623 4214 665 4271 oe
677 4216 751 4274 cultu
764 4217 924 4274 Sanctorum
936 4220 981 4271 tib.
993 4215 1020 4273 3.
1029 4212 1102 4271 uid.
