2828 4904
746 299 934 378 -154-

301 421 429 511 longius
444 424 479 489 in
494 422 563 490 dies
578 421 773 511 productum
789 432 858 491 tum
870 447 928 514 per
940 424 1092 514 liturgias
1107 447 1146 494 ac
1161 423 1241 494 festi
1254 421 1367 496 instita·
1406 462 1411 508 ¹.

301 521 430 607 tionem,
455 536 524 594 tum
550 549 609 615 per
632 537 741 599 sacras
760 531 940 612 conciones,
956 537 1027 597 tum
1045 551 1104 619 per
1125 531 1220 619 pium
1241 529 1368 600 fideliua

215 617 221 628 ’
301 653 442 713 sensum,
451 633 552 700 donec
564 633 690 699 tandem
704 633 742 698 ad
755 657 938 722 expressam
950 633 1109 701 formulae
1120 634 1367 703 enunciationem

304 735 511 803 deveniratur
526 759 591 826 qua
609 738 754 824 Virginis
771 738 951 827 Conceptus
967 739 1007 806 ab
1028 741 1116 807 omni
1137 738 1368 807 labe-immunis

303 849 507 909 assereretur
520 865 557 909 ac
573 852 714 916 sanctus.
737 845 828 923 Quae
844 843 1028 911 traditionis
1043 845 1250 933 perpetuitas
1267 845 1368 911 enituit
1401 879 1403 894 π

300 945 358 1012 diu
378 948 476 1013 etiam
491 955 661 1035 antequam
678 932 737 1014 hac
752 947 791 1014 de
814 970 850 1015 re
873 946 991 1015 fuisset
1013 947 1144 1014 saeculo
1155 949 1242 1014 Xlll
1260 955 1368 1015 conus
1398 985 1404 1046 p

302 1052 409 1120 versia
425 1053 566 1117 excitata
585 1048 640 1140 (i).

64 1197 67 1202 ·
104 1197 250 1266 mum,
391 1156 449 1222 llis
466 1157 512 1222 ita
530 1157 716 1245 compositis
731 1166 878 1224 nostrum
893 1157 1078 1224 insistentes
1100 1157 1165 1223 iter
1188 1156 1238 1223 sic
1258 1177 1372 1244 pregre·
1399 1196 1405 1222 -.

71 1273 253 1336 congenerata
304 1256 423 1324 dimur.
440 1257 491 1324 Ad
507 1256 719 1344 dogmaticam
735 1258 888 1326 edendam
904 1259 1121 1326 definitionem
1135 1259 1171 1325 id
1188 1257 1374 1327 satisEccle.

70 1343 254 1464 ‘Jibffiff
304 1362 371 1428 siae
395 1371 456 1444 est,
480 1372 517 1428 ut
533 1365 679 1451 implicite
696 1363 808 1430 saltam
822 1363 995 1444 articulus,
1012 1363 1133 1452 quode
1150 1365 1281 1451 agitur,
1296 1364 1374 1431 inse
1406 1356 1409 1412 ἶ

80 1485 253 1546 saumaricum
305 1468 371 1534 cris
383 1467 540 1534 habeatur
555 1467 693 1548 litteris,
711 1489 748 1534 ac
764 1469 837 1534 eius
855 1468 957 1536 veluti
977 1470 1113 1549 semina,
1130 1489 1221 1557 quae
1238 1468 1375 1557 deinceps

71 1555 253 1676 slffffit'ss'ffi&
303 1567 558 1660 progerminari,
571 1574 605 1638 in
616 1573 779 1660 primitiva
792 1574 1018 1639 contineantur
1029 1573 1220 1658 traditione,
1230 1572 1287 1640 vel
1296 1573 1375 1643 elis!

108 1708 211 1750 meon.
305 1682 343 1741 ut
367 1673 539 1741 silentibus
562 1674 742 1762 Scripturis
765 1697 803 1742 ac
826 1676 941 1762 primis
963 1676 1062 1742 etiam
1083 1674 1258 1755 Patribus,
1283 1673 1374 1753 salica
1406 1715 1411 1743 ·,

304 1778 439 1845 traditio
476 1780 511 1846 in
526 1779 690 1846 Ecclesiae
705 1780 904 1866 magisterio,
920 1787 954 1845 et
969 1779 1131 1846 communi
1155 1777 1313 1845 fidelium
1324 1798 1375 1869 pet

305 1885 456 1952 suasione
479 1895 605 1952 servata
628 1882 740 1964 fuerit,
758 1883 858 1951 donec
881 1884 956 1952 data
979 1885 1106 1951 tandem
1128 1882 1374 1965 occasionadr

304 1986 410 2052 ctrina
421 2007 506 2074 quae
518 1986 626 2052 luerat
637 1986 777 2053 revelata
788 1986 945 2052 divinitus
958 1986 1025 2055 sive
1037 2007 1095 2074 par
1106 1986 1253 2052 Petrum
1266 1985 1374 2074 scripti,
1410 2029 1411 2064 ,

303 2091 371 2156 sive
393 2111 453 2179 per
475 2090 539 2157 alia
560 2098 765 2157 monumenta
792 2091 827 2156 in
850 2098 999 2178 apertum
1021 2089 1140 2157 veniat.
1167 2089 1295 2177 Neque
1315 2087 1374 2157 ui!
1405 2114 1411 2196 ᾖ

303 2192 486 2283 putandum
509 2199 560 2258 est
588 2200 664 2261 tunc
685 2195 791 2282 primo
818 2195 963 2281 coepisse
985 2193 1167 2259 doctrinam
1194 2189 1370 2285 aliquali
1406 2262 1411 2301 ¹

302 2297 451 2365 Ecclesia
473 2296 680 2378 invalescere,
694 2319 768 2364 cum
781 2303 1061 2362 monumentorum
1071 2317 1151 2386 ope,
1166 2308 1366 2385 quaecum
1406 2341 1411 2404 p

304 2402 433 2470 demum
449 2402 528 2469 haec
545 2403 620 2481 sint,
634 2402 726 2467 nobis
739 2401 794 2466 illa
810 2401 993 2480 innotescit,
1005 2400 1069 2466 nisi
1084 2401 1119 2467 in
1133 2400 1294 2468 absurda
1308 2407 1370 2486 atil·
1403 2450 1411 2511 p

305 2529 440 2574 erronea
456 2505 583 2595 prolabi
598 2505 735 2572 velimus
756 2506 954 2572 consectaria
971 2502 1025 2592 (2).
1044 2506 1135 2584 Quae
1151 2506 1328 2593 potissima
1341 2506 1374 2569 etl
1401 2528 1407 2593 Ι·

305 2634 422 2692 causa,
446 2634 548 2700 quare
584 2610 789 2677 traditionem
812 2608 852 2676 ab
895 2609 1040 2676 eiusdem
1060 2609 1257 2677 traditionis
1282 2612 1375 2676 instru-
1399 2622 1407 2643 ¹

305 2719 433 2798 mentis,
457 2739 516 2783 seu
539 2716 714 2795 vehiculis,
739 2714 860 2804 quibus
884 2736 921 2780 ea
944 2713 985 2781 ad
1007 2735 1064 2780 nos
1095 2713 1246 2782 deducta
1269 2722 1374 2800 astap
1409 2727 1411 2772 i

306 2822 409 2910 prime
421 2820 679 2904 distinxerimus3
692 2841 795 2907 quum
811 2819 954 2907 potuerit
969 2819 1110 2884 existere
1140 2818 1284 2915 traditio
1297 2830 1392 2905 caon-
1409 2814 1411 2821 ’

307 2926 426 3006 divina,
450 2927 530 3013 quin
547 2925 762 2990 instrumenta
783 2924 840 2989 illa
860 2932 935 2990 nota
963 2922 1152 3009 singillatim
1168 2923 1270 2989 nobis
1291 2920 1377 2989 esini

306 3038 404 3116 atque
428 3037 608 3118 perspecta.
627 3031 696 3095 llac
719 3029 816 3095 etiam
833 3028 872 3094 de
887 3049 986 3093 causa
1009 3027 1094 3093 ratio
1116 3024 1277 3094 redditur
1297 3037 1377 3113 ΨΜ

306 3135 481 3204 identidem
504 3136 582 3202 haec
608 3136 680 3224 ipsa
719 3134 852 3205 traditio
877 3132 1040 3201 nonnullis
1068 3131 1229 3200 Patribus
1253 3144 1377 3200 seorim

351 3369 559 3446 (lucrosam.
876 3372 983 3425 Plotius
1002 3369 1376 3437 praecantationum·
1399 3406 1411 3469 1

348 3454 383 3529 (D
394 3459 516 3527 Alioquin
526 3463 593 3515 anim
604 3475 656 3512 non
669 3474 748 3526 pauca
759 3460 823 3526 dog·
875 3459 942 3509 citus
951 3461 1000 3522 ast,
1010 3470 1072 3508 usur
1083 3456 1216 3520 logitimus
1226 3469 1258 3507 ac
1267 3449 1375 3507 recudit
1400 3480 1411 3525 -i

308 3547 825 3612 mutaassentatinoritiaspectmdneo·
876 3555 1006 3595 morarum
1022 3541 1176 3606 imaginum,
1192 3539 1376 3591 cumcuim*

308 3642 417 3696 rumque
433 3631 509 3684 fldem
521 3634 621 3684 nonnisi
638 3632 750 3698 sequiori
768 3645 825 3682 sae·
876 3634 996 3692 tuumque
1013 3626 1096 3678 adorti
1104 3625 1156 3676 sini
1172 3618 1374 3676 iconoclastae*

308 3719 369 3770 culo
387 3721 497 3783 primum
508 3719 534 3771 in
552 3720 662 3771 Ecclesia
681 3720 820 3770 obtinuisse
874 3700 926 3780 qua
943 3712 1118 3776 iconomachi3
1137 3710 1275 3763 invocatio
1292 3709 1374 3761 Sao*

308 3803 448 3854 dicendum
461 3807 538 3870 esset,
552 3817 584 3854 eo
593 3804 662 3869 quod
674 3804 754 3853 serius
766 3806 822 3852 tan·
879 3813 947 3866 rom,
958 3803 985 3850 at
997 3808 1126 3849 morarum
1144 3795 1316 3860 reliquiarum
1324 3794 1371 3841 a!
1408 3816 1411 3821 ·

311 3893 367 3939 tum
375 3888 519 3952 impugnata
528 3886 633 3951 luerint,
645 3892 722 3952 atque
730 3887 762 3936 ab
773 3886 824 3935 lic-
876 3884 1044 3950 ratio,contra
1054 3892 1133 3944 qnam
1143 3878 1299 3944 manichaei,
1307 3866 1371 3925 iifl

246 4019 248 4022 ,
307 3976 385 4025 clesia
403 3977 490 4024 contra
511 3978 648 4022 novatores
661 3971 771 4021 cuiusvis
784 3985 826 4022 sc·
877 3982 940 4019 raro
965 3965 1117 4030 Vigilantius
1144 3964 1244 4028 aliique
1260 3958 1373 4014 nebuloni!

309 4059 360 4110 culi
375 4058 487 4109 definita.
497 4056 620 4119 Exemplo
631 4056 681 4105 sint
697 4055 825 4118 legitimus
877 4050 999 4115 temporis
1010 4059 1132 4113 processu
1141 4039 1376 4099 imurrexemoci·

310 4145 381 4207 panis
389 4144 473 4208 azymi
492 4156 553 4194 usus
572 4142 597 4191 in
607 4140 827 4191 celebrationem·
879 4137 1072 4202 quaitaporro.

310 4228 399 4282 cauci
419 4262 429 4299 ‚
446 4242 524 4296 quem
542 4226 698 4291 impugnavit
720 4226 829 4289 primum
