2828 4904
69 423 200 492 senserit
230 430 435 510 argumento,
452 441 568 509 operae
585 429 690 487 tamen
719 421 862 508 pretium
878 440 948 485 esse
965 418 1152 487 censuimus

62 531 244 620 appositam
269 528 341 594 de
332 550 404 616 rpso
427 527 592 595 Ecclesiae
608 548 705 593 sensu
723 526 946 592 tractationem
960 523 1112 592 adiicere

143 636 201 701 Ex
236 632 362 720 duplici
392 641 502 699 autom
532 631 620 697 lonte
643 653 718 699 eum
750 631 859 719 colligi
885 652 979 719 posse
1012 629 1151 697 arbitra·

56 761 130 806 mur
155 746 233 803 tum
256 735 382 803 scilicet
408 758 450 803 ex
474 744 652 825 pastorum,
683 744 752 803 tum
767 757 809 802 ex
832 734 977 801 lidelium
1004 756 1075 802 sese
1097 753 1151 823 gc·

56 845 150 913 rendi
179 842 323 909 ratione.
443 836 449 903 l

147 953 195 1016 Ac
222 947 478 1037 primoquidem
494 947 535 1014 ad
547 956 691 1036 pastores
703 948 791 1037 quod
803 955 939 1036 spectat,
951 947 1069 1013 borum
1080 968 1152 1015 seu·

64 1057 190 1122 tentiam
210 1053 302 1119 circa
313 1053 556 1119 immaculatum
573 1054 718 1142 Virginis
734 1054 932 1141 Conceptum
948 1050 1043 1119 facile
1059 1050 1149 1120 colli-

62 1182 131 1248 gere
152 1168 207 1226 est
231 1180 274 1225 ex
296 1157 411 1225 iisdem
427 1159 583 1246 liturgiis,
610 1180 695 1247 quae
724 1157 764 1225 ab
781 1158 946 1224 Ecclesiae
963 1156 1152 1245 pastoribus

58 1261 93 1328 ad
108 1283 214 1328 usum
246 1261 510 1349 uniuscuiusque
542 1261 725 1327 dioeceseos
749 1267 825 1327 sunt
852 1259 1072 1338 concinnatae,
1095 1277 1154 1323 nec

56 1388 113 1432 non
129 1387 175 1432 ex
190 1362 350 1454 publicis,
369 1386 451 1452 quas
474 1365 514 1431 de
537 1364 597 1431 boc
611 1365 766 1456 mysterio
783 1363 976 1452 adpopulos
993 1361 1058 1428 sibi
1069 1381 1154 1428 com-

58 1473 182 1551 missos,
210 1468 424 1536 concionibus
452 1470 606 1537 habuere.
630 1471 672 1537 lli
696 1471 838 1537 enimin
862 1469 1009 1536 Ecclesia
1027 1490 1153 1557 graeca,

63 1594 114 1639 seu
147 1571 268 1660 potius
291 1570 440 1637 orientali
469 1572 643 1651 universa,
672 1571 820 1639 certatim
852 1570 912 1636 boc
939 1573 977 1637 B.
1006 1569 1154 1656 Virginis

61 1677 269 1765 privilegium
293 1676 475 1764 praeconiis
499 1677 613 1743 efferre
636 1678 761 1744 connisi
778 1684 864 1743 sunt.
883 1677 971 1742 Idem
986 1676 1154 1743 existimes

58 1782 146 1848 velim
169 1780 309 1848 delesti
334 1780 559 1860 celebratione,
578 1804 661 1870 quae
677 1782 820 1871 primum
843 1802 909 1846 uno
932 1801 1094 1846 consensu
1118 1779 1152 1846 in

57 1888 207 1954 orientali
237 1888 386 1954 Ecclesia
402 1887 548 1975 ipsorum
575 1909 675 1977 opera
697 1889 849 1954 instituta
869 1894 929 1968 cst,
947 1887 1063 1953 deinde
1075 1909 1153 1955 vero

62 1994 93 2058 in
111 1994 262 2061 Ecclesia
285 1993 487 2073 occidentali,
500 1993 576 2061 licet
592 1996 745 2084 temporis
763 2003 871 2062 tractu
887 2002 1063 2084 propagata
1079 1993 1150 2062 luc-

65 2097 118 2177 rit,
145 2120 180 2164 ac
204 2096 340 2164 demum
366 2096 490 2186 ubique
513 2107 654 2187 recepta.

146 2201 230 2269 (ium
246 2222 325 2269 vero
343 2221 436 2267 nemo
451 2201 604 2289 epocham
628 2201 801 2290 praelinire
815 2202 930 2289 possit,
943 2222 1008 2289 qua
1025 2198 1146 2266 lestum

60 2303 113 2370 boc
135 2306 247 2392 primo
282 2305 471 2371 institutum
495 2307 560 2386 sit,
592 2307 670 2394 quia
704 2314 854 2372 auctores
878 2306 936 2393 qui
964 2303 1003 2369 de
1032 2324 1070 2368 eo
1103 2304 1148 2368 lo-

60 2416 218 2494 quuntur,
234 2407 421 2476 nullatenus
437 2410 478 2476 ab
494 2431 528 2476 se
545 2410 627 2475 illud
642 2398 831 2476 institutum
846 2410 1015 2488 affirmant,
1034 2407 1090 2473 sed
1108 2405 1147 2473 de

65 2529 96 2574 eo
110 2517 270 2599 tanquam
285 2511 349 2577 iam
364 2522 496 2601 recepto
512 2513 688 2594 disserunt,
701 2514 775 2579 iure
790 2514 907 2578 merito
923 2508 1064 2576 insertur
1079 2508 1148 2575 lere

63 2614 94 2680 ab
124 2617 389 2700 immemorabili,
407 2629 445 2686 ut
468 2621 571 2701 aiunt,
595 2622 787 2709 praesertim
811 2621 845 2686 in
864 2619 1011 2687 Ecclesia
1033 2638 1150 2705 graeca

66 2728 92 2785 ct
108 2723 278 2789 orientali
294 2724 400 2813 ipsius
427 2726 676 2793 celebrationem
699 2728 886 2794 invaluisse.

139 2827 195 2893 Ex
223 2835 393 2915 pastorum
414 2850 513 2917 porro
537 2829 684 2897 doctrina
708 2831 817 2897 fideles
841 2853 912 2897 eam
929 2829 1036 2894 auimo
1055 2827 1149 2894 imbi-

73 2919 175 2994 berant
200 2949 280 3017 erga
299 2929 360 2997 boc
382 2924 580 3022 mysterium
597 2935 851 3012 venerationem,
877 2954 914 2998 ac
938 2929 1084 2997 studium
1111 2938 1150 2996 ut

10 3044 16 3118 ζ
72 3048 236 3123 numquam
258 3036 293 3101 in
315 3050 429 3103 eorum
453 3038 618 3120 cordibus,
631 3041 666 3107 in
689 3039 810 3128 quibus
834 3030 1008 3105 altissimas
1023 3035 1149 3102 radices

10 3200 18 3232 ,
72 3131 183 3221 inerat,
197 3139 251 3206 vel
272 3141 442 3208 minimum
466 3142 688 3224 deferbuerit,
713 3144 810 3210 immo
833 3145 867 3209 iu
891 3141 961 3207 dies
983 3140 1086 3227 magis
1110 3160 1147 3204 ac

10 3282 21 3315 a
76 3241 162 3327 uagis
184 3242 386 3310 incrementa
396 3247 529 3332 ceperit.

10 3364 22 3394 ι
139 3348 239 3416 Haud
261 3348 403 3417 obscura
426 3351 526 3417 buius
550 3348 694 3419 fidelium
718 3374 832 3418 sensus
856 3352 943 3418 eirca
960 3347 1147 3416 immacula-

10 3446 121 3562 s{lam
140 3452 291 3541 Virginis
315 3455 565 3544 Conceptioncm
592 3459 786 3546 vestigium
813 3458 1009 3545 antiquitate
1044 3474 1148 3520 remo-

10 3603 27 3637 ,
10 3530 184 3624 lissima
206 3568 397 3627 occurrunt
429 3563 603 3629 Enimvero
635 3564 699 3629 nisi
723 3564 786 3630 alte
814 3563 892 3628 baec
919 3556 1148 3649 persuasioli-

10 3688 20 3755 a
71 3649 177 3726 delium
189 3661 355 3730 mentibus
366 3664 529 3754 insculpta
542 3664 670 3747 luisset,
684 3667 832 3733 lulianus
848 3666 1038 3754 pelagianus
1055 3681 1148 3726 num·

1223 632 1296 684 Unde
1313 635 1388 685 colli·

1199 717 1230 768 ga
1233 709 1274 753 tur
1299 704 1388 755 Eccle-

1209 775 1262 827 ιιιο
1289 789 1377 825 sensus

1201 846 1267 895 circa
1279 846 1383 897 lrnrrrac

1200 914 1323 979 Concept.

1201 985 1239 1036 Ex
1256 986 1384 1038 Ecclesiae

1202 1059 1353 1122 pastoribus.

1233 3442 1379 3494 Eiusauti-

1198 3514 1282 3578 quitus

10 3760 19 3853 ‚⁶
68 3777 202 3846 quams.
227 3770 452 3855 Augustinum
475 3773 650 3858 arguisset,
675 3773 802 3861 quod
793 3794 863 3861 rpse
887 3770 1067 3837 doctrinam
1093 3764 1146 3832 de·
1250 3816 1254 3823 .

67 3862 187 3937 tendens
203 3872 244 3940 de
260 3875 462 3944 universali
453 3899 487 3943 ru
502 3899 612 3944 omnes
623 3878 768 3945 homines
779 3879 905 3967 peccati
916 3873 1147 3964 propagatione

67 3967 213 4041 infensior
236 3985 322 4043 esset
344 3964 486 4059 Mariae,
518 4003 616 4069 quam
640 3983 840 4049 Iovinianus.
876 3984 954 4058 lile,
977 3974 1147 4064 inquiebat

64 4077 139 4141 cuim
164 4077 337 4160 lulianus,
362 4086 575 4168 virginitatem
598 4087 722 4153 Merrae
742 4099 858 4175 partus
881 4086 1055 4152 conditione
1085 4080 1145 4144 dis-

59 4180 157 4247 solvit.
188 4181 239 4249 iu
262 4185 525 4272 apenodariam
548 4189 671 4257 diabolo
704 4192 854 4260 nascendi
867 4189 1040 4258 cooditconc
1058 4197 1146 4254 trae-
