2828 4904
276 436 506 513 nuteriam
524 456 677 522 prorsus,
699 457 768 500 cum
795 437 830 500 de
852 441 987 523 peccetis
1009 441 1140 520 agitur,
1162 437 1271 507 iuberi
1292 442 1357 508 colo

288 540 602 628 panormitanensem
619 537 665 622 (l)
683 544 763 605 caim
784 545 907 618 scriniis,
931 542 1014 627 quod
1025 544 1142 628 eiplus
1154 551 1280 628 prutioc
1303 549 1359 610 col·

287 647 387 711 hiem
408 645 503 729 suerit
526 645 568 711 ad
592 645 775 710 vincendum
797 650 882 710 omni
902 668 940 710 car
962 657 1055 731 parte
1073 660 1263 733 peccatum,
1287 671 1360 735 qaut

286 754 443 836 erumpere
454 771 492 815 oc
503 763 616 835 parcre
631 753 843 835 corioquam
858 761 978 815 constat
992 751 1115 815 aeuum
1136 752 1280 817 doluisse
1294 776 1358 839 pcc·

286 863 391 926 mium
406 851 467 936 (2).
485 852 666 919 ticetvero
682 851 754 919 heio
777 873 802 919 s.
820 855 950 932 Ductor,
970 853 1020 918 uti
1041 875 1083 919 ex
1106 856 1264 921 orationis
1281 857 1359 922 serie

286 955 482 1034 constan-de
504 956 645 1042 peccatis
660 954 843 1021 actualibus
870 955 1040 1041 loquutur,
1063 956 1274 1024 nihilominus
1290 979 1360 1024 enm

286 1059 464 1146 propositio
475 1058 638 1144 generalis
663 1079 720 1123 seu
744 1059 934 1124 universalis
954 1059 1007 1138 sit,
1035 1066 1132 1145 atquc
1155 1081 1198 1125 ex
1219 1060 1362 1148 disputa·

287 1153 383 1226 tionis
400 1147 649 1248 naturaputcat,
668 1171 800 1248 peccata
813 1163 890 1227 haec
912 1163 1063 1240 actualia,
1081 1170 1178 1249 prout
1194 1163 1235 1228 ab
1254 1165 1362 1230 humu-
1404 1158 1406 1205 ἶ

285 1287 326 1330 na
342 1265 527 1332 infirmitate
544 1266 726 1352 profluunt,
745 1287 819 1331 cum
834 1266 984 1352 originali
1008 1288 1105 1345 noxa,
1130 1288 1170 1332 ex
1187 1289 1254 1353 qua
1279 1268 1362 1332 eius-

285 1369 371 1433 modi
404 1369 573 1434 infirmitas
600 1370 778 1448 enascitur,
801 1377 890 1436 arcto
904 1391 990 1437 nexu
1010 1392 1079 1435 esse
1095 1370 1281 1454 coniuncta;
1301 1373 1359 1436 rite

286 1471 426 1536 infertur
448 1472 568 1536 nullam
591 1473 631 1538 ab
654 1494 702 1552 eo,
726 1474 823 1537 etiam
839 1473 945 1558 quoad
969 1473 1156 1558 originalem
1171 1473 1290 1553 labem,
1314 1497 1363 1539 vo

286 1575 386 1654 luisse
401 1575 513 1641 haberi
525 1575 564 1643 de
573 1577 679 1643 Maria
690 1577 925 1662 quaestionem:
938 1577 1092 1662 adeoque,
1109 1583 1146 1642 ut
1162 1596 1362 1664 consequens

287 1685 358 1757 est,
383 1700 402 1743 a
425 1679 700 1766 propositionibus
735 1679 940 1764 generalibus
967 1700 992 1744 s.
1017 1679 1212 1765 Augustini,
1241 1681 1363 1766 quibus

286 1781 320 1845 in
335 1802 443 1846 omnes
464 1789 631 1867 peccatum
654 1781 742 1849 Adae
765 1782 945 1849 derivatum
965 1781 1140 1859 adseritur,
1157 1803 1199 1855 en¹
1217 1783 1365 1848 eiusdem

286 1886 444 1950 sententia
460 1886 598 1951 Mariam
622 1887 788 1970 Virginem
811 1907 937 1972 semper
960 1907 1029 1950 esse
1051 1884 1288 1971 excipiendam.
1314 1888 1365 1952 Se·

286 2009 325 2070 ne
349 2009 423 2065 oum
450 1989 596 2056 lulianus
621 1990 814 2074 Augustino,
832 1989 1021 2054 obiecisset:
1042 1990 1091 2072 Tu
1108 1995 1208 2076 ipsam
1224 1990 1367 2056 Mariam

286 2093 407 2167 diaholo
429 2094 577 2160 noscendi
597 2094 768 2163 conditione
789 2093 984 2168 transcribis
1006 2092 1171 2178 respondit
1192 2093 1366 2180 hipponen·

285 2198 331 2265 sis
339 2196 487 2284 praesul:
504 2195 574 2263 Non
585 2197 820 2262 transcribimus
836 2197 1104 2265 diodolodicrioaa
1120 2197 1297 2262 conditione
1312 2221 1364 2262 oo·

285 2284 420 2380 secedis
432 2301 485 2367 scd
506 2300 571 2367 ideo
595 2305 670 2387 quio
692 2306 762 2386 ipso
778 2301 911 2365 conditio
934 2301 1067 2365 soledus
1083 2304 1191 2385 pretia
1206 2322 1366 2365 renoscen-

286 2404 321 2479 dt
336 2401 390 2492 (3),
402 2394 560 2480 Videlicet
575 2401 650 2468 ideo
664 2411 758 2488 negat
779 2423 812 2466 se
829 2404 967 2484 Mariam
983 2401 1110 2478 diabolo
1126 2401 1366 2488 transcripsisse

286 2510 456 2574 conditione
472 2508 635 2584 nascendi,
646 2507 724 2592 quia
738 2506 816 2573 haec
832 2507 902 2593 ipsu
918 2505 1068 2571 nascendi
1088 2503 1244 2582 conditio,
1255 2526 1363 2591 nempe

286 2612 452 2698 conceptio
476 2611 613 2676 carnalis
630 2619 727 2695 atque
750 2615 868 2687 actico,
883 2617 921 2674 ut
943 2611 1133 2696 loquuntur,
1151 2610 1261 2694 gratie
1277 2629 1361 2673 rena-

287 2714 395 2783 scendi
414 2715 519 2779 soluta
537 2720 598 2781 est
618 2699 745 2781 Etenim
767 2734 842 2778 cum
865 2713 1011 2779 lulianus
1030 2712 1216 2798 Augustino
1241 2711 1361 2800 crimini

216 2850 219 2855 >
285 2819 447 2896 vertisset,
464 2815 551 2903 quod
569 2815 610 2880 ob
626 2815 738 2902 dogma
754 2817 792 2882 de
808 2815 931 2902 peccati
948 2815 1114 2901 originalis
1134 2814 1362 2902 propagatione

82 2898 85 2907 ⁵
165 2930 167 2936 ’
285 2925 354 3010 ipse
378 2919 618 3006 transcripserit
635 2921 672 2984 B.
688 2920 855 3006 Virginem
878 2919 1023 2998 diabolo,
1039 2918 1126 2983 haud
1153 2918 1300 3004 proiecto
1325 2917 1360 2982 ah

284 3028 343 3093 hac
360 3047 393 3091 sc
415 3023 636 3100 criminatione
660 3044 685 3087 s.
703 3025 828 3094 Doctor
840 3030 1021 3109 purgasset,
1038 3021 1096 3110 qui
1118 3020 1152 3085 id
1168 3022 1298 3109 ,apertis
1312 3044 1361 3091 anr

285 3130 376 3194 tehac
395 3127 504 3194 verbis
524 3116 649 3193 inficias
672 3119 785 3205 iverat,
810 3127 873 3191 nisi
896 3128 930 3191 in
954 3125 1269 3213 ipsogconceplionis
1291 3115 1357 3190 actu

285 3233 424 3299 Mariam
438 3233 541 3318 gratia
559 3238 826 3319 praeoccupatam
841 3252 899 3317 per
917 3230 1056 3296 adducta
1071 3229 1169 3297 verba
1189 3228 1357 3315 significas-

285 3341 343 3411 set,
361 3342 398 3398 ut
410 3354 475 3419 per
499 3355 532 3397 se
549 3332 661 3420 liquet.
679 3336 786 3420 Atque
809 3333 887 3397 haee
910 3332 949 3397 de
965 3331 1148 3418 Augustino
1165 3332 1245 3397 satis
1264 3327 1316 3419 (d).

303 3572 378 3641 ,ll-tin
388 3578 487 3629 duobus
496 3578 680 3628 messanensis
689 3591 799 3629 comme·
851 3580 969 3629 culorum
989 3578 1071 3629 eidem
1092 3577 1171 3641 plane·
1184 3575 1265 3630 luvet.

286 3662 388 3715 moretis
398 3664 428 3713 ab
441 3663 514 3712 editt.
523 3663 608 3714 Maur.
621 3664 713 3725 legitur
724 3660 797 3726 ioue,
865 3692 869 3701 ·
884 3655 920 3727 (2)
932 3663 991 3725 Cap.
1007 3658 1051 3714 36.
1063 3677 1089 3711 n.
1099 3653 1148 3712 42.

285 3746 440 3808 antiquiores
456 3746 593 3808 scriptores
610 3760 624 3796 a
643 3760 693 3796 sec·
712 3747 748 3796 Xl
768 3748 800 3796 ud
887 3741 925 3812 (3)
940 3745 1019 3813 Oper-
1039 3743 1195 3814 Imperfecti
1209 3751 1302 3798 contro
1315 3740 1355 3795 lu·

285 3831 345 3881 xlv
358 3834 502 3887 constanter
513 3831 629 3893 legerunt
643 3820 804 3897 iads‚i1uos·
849 3828 951 3883 lienum
963 3829 1012 3882 lid.
1021 3826 1049 3881 4.
1059 3845 1081 3882 c.
1095 3823 1156 3881 122.

288 3919 353 3967 inter
364 3931 384 3967 s.
396 3917 444 3967 Tir.
456 3912 483 3968 3.
502 3931 526 3981 p.
539 3917 571 3978 Q.
584 3909 679 3970 27·.ar.
689 3912 716 3967 4.
728 3918 795 3968 lluic
873 3913 1357 3983 (⁴1)lleicalierrisolotexcyriltoslcr.

289 4000 499 4052 lectioniridetur
508 4000 733 4062 magiscongruere
742 4014 796 4050 ora·
848 4002 873 4050 in
883 4002 922 4050 lo.
934 4001 978 4050 tin.
996 3997 1026 4068 6,
1037 4015 1059 4050 c.
1072 3995 1106 4052 15
1130 4003 1303 4052 testimonium
1315 4013 1356 4064 pro

291 4085 366 4134 tionis
386 4086 472 4150 senes,
485 4095 532 4134 nec
550 4089 712 4146 opponuntur
729 4084 801 4134 codi-
852 4085 1016 4134 immaculato
1026 4085 1136 4147 Virginis
1145 4084 1278 4149 Conceptu
1289 4087 1358 4135 lucu·

293 4181 344 4232 ces,
357 4168 492 4218 auctoritas
502 4173 633 4230 praeterea
642 4174 752 4232 quatuor
764 4181 801 4219 so
852 4169 1020 4219 lentissimum
1026 4170 1140 4220 ediul'ar
1146 4164 1188 4219 ist
1195 4161 1363 4222 &seorsis
