2820 4890
507 318 696 386 -225-

60 443 133 510 vm
169 445 221 510 De
244 441 407 529 baptismo
422 461 492 507 can.
508 441 541 522 2,
558 444 616 529 qui
633 445 678 507 ita
706 464 740 508 se
755 442 863 508 babet:
888 442 926 508 Si
943 450 1011 531 quis
1030 445 1146 512 dicerit

14 584 22 591 -
59 555 88 614 in
102 549 249 613 Ecclesia
277 567 436 624 romana,
470 567 550 634 quoe
577 551 715 611 omnium
745 547 945 612 ecelesiarum
974 559 1074 612 moter
1100 559 1145 612 eat

60 667 84 720 at
104 658 265 738 incontra
273 698 285 729 ,
307 674 372 717 nen
390 673 451 716 erae
466 673 574 716 veram
591 652 626 715 de
642 651 788 738 baptismi
812 663 1006 717 sacramento
1031 655 1145 718 doetri-

58 781 138 837 narn,
163 757 334 823 anathema
356 761 408 822 eit.
432 749 507 834 Quo
529 776 675 833 canone,
698 764 735 820 ut
756 764 865 841 patet,
888 755 966 821 dum
991 779 1146 845 expressa

57 863 227 928 doctrinae
251 861 370 927 veritas
392 859 599 925 constabilita
622 868 693 938 est,
720 883 806 947 quae
829 862 916 926 eirca
947 862 1145 948 baptismum

10 990 17 1009 ’
57 969 198 1054 eiusque
223 965 534 1031 administrationem
550 964 584 1028 in
605 964 752 1030 Ecclesia
780 986 910 1030 romana
937 966 1080 1046 obtinet,
1100 978 1147 1031 ta-

59 1074 120 1137 cite
153 1070 282 1136 sancita
308 1077 358 1135 est
385 1067 489 1134 forma
517 1089 615 1155 quam
643 1068 787 1134 Ecclesia
817 1071 894 1134 baec
929 1072 963 1135 in
994 1071 1148 1160 baptismi

61 1177 238 1244 collatione
261 1173 403 1252 adhibet,
424 1175 576 1260 ritusque
595 1173 720 1260 pariter
744 1174 924 1260 probatus,
953 1197 1019 1261 qno
1038 1177 1149 1260 eadem

59 1298 115 1368 per
132 1275 339 1343 infusionem
352 1277 478 1362 tingere
493 1275 672 1340 consuevit.
687 1276 767 1339 ltcrn
779 1276 813 1339 in
829 1297 908 1340 sess.
927 1278 1007 1342 Xlll
1030 1300 1101 1343 can.
1115 1277 1148 1345 9:

57 1382 94 1447 'Si
105 1385 182 1470 que’a
211 1383 387 1465 neqooerit,
416 1399 518 1443 onnes
534 1389 562 1443 et
580 1378 719 1463 sinqulos
744 1375 964 1466 Cbnstifidelea
985 1386 1148 1469 utriusque

68 1508 166 1563 ms,
191 1507 264 1550 cnm
283 1485 327 1550 ed
340 1506 440 1550 aanor
467 1485 659 1549 discretionis
672 1490 891 1570 pervenerint,
906 1491 1006 1550 teneri
1018 1488 1149 1571 sinqulie

71 1594 175 1665 mia,
190 1588 304 1653 saltent
319 1591 352 1652 in
376 1585 540 1664 Porcltote,
565 1587 609 1651 ed
624 1587 928 1664 commnnr'cundum,
951 1595 1045 1653 irenae
1056 1609 1151 1676 proe-

63 1707 183 1784 oeptum
199 1704 330 1758 sanetae
339 1696 451 1757 matris
466 1692 635 1770 Ecclesiae,
645 1691 812 1757 anartema
823 1698 874 1758 sit.
884 1695 947 1758 Per
957 1694 1044 1758 bunc
1057 1714 1151 1758 cano

64 1820 133 1866 rem
150 1797 237 1864 dum
252 1796 408 1883 obligatio
430 1798 578 1862 sancitur
594 1797 851 1867 communicandi
876 1798 1013 1884 singulis
1041 1800 1152 1879 annis,

10 1980 12 1985 ¹
60 1903 254 1970 adstruitur
271 1887 368 1966 simul
392 1902 446 1966 ius
469 1900 557 1988 quod
571 1901 718 1966 Ecclesia
735 1901 832 1969 habet
851 1903 1010 1967 eiusmodi
1032 1902 1155 1991 obliga-

10 1998 18 2077 ἓ
60 2002 400 2082 tioncmstatuendi,
424 2012 523 2091 atque
549 2004 734 2092 imponendi
751 2016 968 2091 praeceptum.
984 2004 1038 2070 Sic
1055 2007 1154 2071 etiam

56 2110 191 2177 insess.
209 2110 308 2174 XXll
319 2109 354 2173 in
369 2108 467 2174 cuius
478 2109 580 2176 canl
596 2107 762 2175 definitur:
775 2108 812 2175 Si
827 2115 896 2197 qnia
913 2111 1038 2189 dixerit,
1052 2134 1154 2177 caere·

54 2223 197 2296 mus,
214 2227 323 2294 restes,
338 2228 367 2281 et
385 2227 515 2282 externo
529 2221 638 2301 siqno,
649 2200 760 2305 quibus
779 2220 814 2282 ia
829 2216 1001 2282 blaesorum
1021 2217 1155 2283 eelebre-

56 2330 139 2392 aare
151 2323 302 2388 Ecclesia
318 2321 473 2386 catholico
494 2327 616 2400 retitur,
633 2321 807 2387 irritabate
824 2326 1070 2408 impietate'sesse
1089 2345 1156 2389 rno-

58 2435 113 2515 pis,
122 2449 231 2518 qnam
246 2427 346 2513 officio
354 2432 493 2516 pietatis,
507 2427 674 2493 anathene
684 2431 736 2492 ait.
747 2427 791 2491 Et
802 2426 837 2492 in
848 2447 918 2491 can.
933 2425 965 2493 9:
978 2425 1016 2491 sn·
1025 2432 1094 2513 qnia
1110 2427 1156 2493 di-

66 2534 311 2601 aaitEcclesiee
326 2555 476 2598 romonae
487 2537 667 2621 ritum,qno
679 2532 829 2598 submisse
841 2553 1002 2619 oocepors
1013 2537 1155 2611 canaan,
1209 2593 1214 2602 ,
1231 2535 1234 2542 '

66 2648 93 2702 κ
106 2638 211 2706 sardo
234 2641 475 2703 concoctione
499 2638 729 2723 proferuntur,
754 2636 967 2732 damnandnm
989 2658 1073 2712 esae,·
1098 2647 1156 2703 ant

64 2746 173 2833 linquo
199 2755 327 2810 tontum
344 2743 476 2828 culpari
495 2742 627 2809 Missam
644 2743 797 2809 celebrari
813 2742 917 2808 delere
925 2766 941 2820 ,·
958 2754 1016 2808 ent
1038 2764 1155 2831 aquarn

62 2870 121 2915 aaa
138 2846 334 2914 nocendam
356 2868 416 2911 esse
435 2851 508 2912 nino
524 2850 558 2912 in
575 2847 670 2911 colice
686 2845 852 2934 offerendo,
869 2867 903 2909 eo
924 2846 1008 2932 qood
1026 2852 1068 2912 ait
1084 2869 1156 2914 eon·

64 2964 112 3020 tra
139 2951 265 3019 Christi
282 2956 534 3027 institutionem
564 2951 731 3016 anathema
760 2956 810 3015 sit.
841 2952 967 3015 Horum
996 2971 1156 3019 canonum

10 3076 15 3139 ξ
43 3042 235 3123 'obiectum
251 3077 309 3142 per
321 3076 356 3120 se
366 3076 455 3120 mere
472 3054 677 3141 disciplinam
693 3054 842 3139 attingit3
858 3062 999 3122 attamen
1015 3076 1153 3124 canones

10 3210 13 3221 .
69 3157 246 3247 dogmatici
270 3165 358 3237 suut,
381 3158 524 3246 eoquod
546 3160 600 3224 ius
623 3157 785 3224 involvant
806 3178 864 3222 seu
888 3165 1080 3246 potestatem
1095 3161 1157 3229 Ec·

10 3292 15 3313 ³
69 3264 189 3330 elesiae
205 3262 241 3327 in
255 3262 416 3328 eiusmodi
433 3262 605 3353 disciplina
620 3261 803 3328 sancienda.

10 3326 23 3437 l
64 3404 68 3412 ‚
150 3366 242 3434 Haec
264 3387 362 3455 porro
389 3368 474 3432 siin
498 3388 567 3435 rem
594 3366 809 3432 traducantur
835 3375 989 3449 nostram,
1015 3389 1155 3457 pronum
1241 3371 1315 3423 nacta
1328 3376 1361 3426 td

65 3470 127 3537 crit
143 3471 293 3559 cuipiam
308 3470 502 3557 intelligere,
526 3470 716 3548 Ecclesiam,
745 3471 774 3539 si
797 3472 927 3558 quando
948 3474 1013 3562 ipsi
1033 3483 1156 3560 'oppor-
1206 3450 1387 3568 ''fficfflff

63 3582 183 3642 lunum
207 3573 312 3641 luerit
333 3574 453 3654 visum,
472 3596 566 3662 posse
586 3573 830 3640 immaculatum
852 3578 1014 3663 Deiparae
1037 3578 1158 3644 Conce-
1248 3587 1343 3641 dantur

61 3689 155 3765 ptum
181 3677 363 3765 dogmatice
387 3678 522 3744 definire
546 3700 605 3767 per
639 3679 817 3766 quemlibet
850 3702 965 3747 eorum
996 3703 1079 3769 quos
1105 3704 1157 3748 re-
1203 3765 1205 3767 Ι

62 3783 266 3862 censuimus,
293 3781 435 3851 modum.
454 3782 614 3848 Videlicet
626 3790 683 3847 aut
702 3805 762 3871 per
778 3785 990 3851 anathematis
1013 3785 1158 3851 intermi-

64 3887 308 3965 nationem,ant
331 3907 391 3972 per
418 3884 592 3952 solemnem
611 3884 863 3953 declarationem
884 3909 969 3976 quae
985 3887 1095 3955 fideles
1118 3887 1161 3955 ad

64 3987 106 4055 ita
138 3987 348 4057 mutiendum
370 3988 573 4077 adstringat,
600 3999 659 4055 aut
681 3989 805 4058 directe
830 3992 929 4059 etiam
956 4002 1016 4058 aut
1041 3992 1162 4058 indire-

68 4099 131 4171 cte,
157 4101 219 4158 aut
244 4113 400 4183 expresse
422 4102 481 4160 aut
504 4093 623 4176 tacite,
652 4094 704 4161 uti
729 4101 823 4161 antea
849 4093 1036 4187 planissime
1062 4115 1161 4183 expo-

69 4197 203 4267 animus.

988 4305 1030 4372 15
