2828 4904
311 433 561 527 PARS
629 435 721 523 11.

163 643 878 716 ranotooruo-cnrrrci

86 1055 158 1099 >uae
169 1034 204 1100 in
216 1036 318 1122 priori
331 1035 431 1103 huius
442 1034 682 1103 lucubrationis
695 1037 791 1101 Parte
805 1033 1067 1121 praeposuimus,

86 1138 229 1218 ctabant,
242 1149 280 1206 ut
290 1140 364 1206 inde
376 1142 618 1230 inquireremus
632 1150 745 1206 utrum
762 1137 903 1205 eden'dae
915 1135 1070 1222 dogmati·

97 1241 636 1336 immaculatoVirgiuisConceptu
647 1247 828 1314 definitioni
839 1243 1069 1312 sufficiansEc·

86 1385 87 1407 ι
101 1358 293 1438 suppeteret
303 1351 561 1420 fundamentum.
574 1356 641 1421 Nos
655 1353 727 1418 heic
739 1350 900 1429 methodo,
909 1348 1007 1415 cuius
1018 1352 1070 1412 est

86 1453 164 1520 ntia
176 1476 268 1536 usus,
281 1456 478 1537 insistentes,
494 1456 555 1523 hoc
570 1464 798 1543 argumentum
813 1454 1007 1521 evolvamus.
1026 1451 1070 1519 Ut

107 1559 339 1646 perspicuitati
368 1560 591 1640 consulamus,
616 1562 663 1625 sic
686 1559 800 1625 ordine
827 1559 890 1624 rite
916 1559 1069 1627 instituto

86 1664 185 1739 rente,
208 1661 313 1747 primo
335 1664 553 1750 expendemus
577 1682 735 1750 quaenam
759 1660 971 1748 requirantur
994 1681 1069 1728 cou-

86 1786 110 1830 ιε
137 1762 179 1829 ad
201 1766 377 1833 articulum
393 1766 468 1833 fidei
485 1765 786 1850 constabiliendum
799 1763 1068 1852 investigabimus

108 1871 328 1941 instrumenta
343 1872 465 1962 quibus
481 1881 530 1939 ast
551 1894 634 1961 opus
654 1880 693 1938 ut
709 1893 766 1939 eae
788 1871 990 1939 conditiones
1011 1870 1068 1939 ha·

86 1998 108 2043 r
133 1984 168 2042 et
195 1970 437 2065 dignoicantur·
459 1979 539 2046 haec
560 2001 637 2047 voro
663 1978 769 2046 omnia
797 1977 954 2065 exemplis
981 1998 1067 2064 quae

86 2102 175 2147 emus
198 2104 240 2147 ex
273 2082 517 2150 delinitionibus
540 2082 617 2149 olim
650 2082 866 2149 controversis
889 2089 921 2146 et
944 2080 1068 2147 iamdiu

98 2185 343 2252 illustrabimus
366 2196 399 2254 et
414 2185 687 2254 confirmabimus.
705 2186 851 2254 Gradum
865 2185 999 2271 posthac
1021 2182 1070 2250 fa·

86 2286 166 2353 sad
197 2290 419 2375 quaestionem
445 2311 544 2378 quam
576 2290 760 2375 agitamus,
783 2287 840 2354 cui
875 2287 1069 2373 praestituta

86 2391 293 2460 modabimus
315 2394 488 2483 principia.
512 2394 661 2482 Cumque
693 2393 773 2460 haec
794 2391 867 2480 ipsa
894 2389 1071 2458 communi-

86 2519 120 2564 as
137 2502 312 2565 intrinsecis
335 2504 433 2586 atqua
455 2504 645 2579 extrinsecis,
664 2505 702 2565 ut
720 2505 847 2576 vocant,
869 2496 1070 2584 argumentis

86 2598 233 2664 :toritate
249 2600 415 2682 derivatis,
432 2600 604 2689 scrupulos
625 2601 729 2689 siqui
749 2598 854 2666 adhuc
872 2597 1070 2687 supererint,

86 2725 173 2784 mus,
187 2713 225 2772 ut
236 2704 277 2771 ad
292 2705 419 2773 finalem
431 2706 561 2774 demum
574 2708 803 2795 perveniamus
819 2705 1067 2778 conclusionem.

344 2910 612 2991 CAPUT
676 2915 709 2987 1.

117 3152 162 3202 nu
179 3152 442 3198 coaolrtouusus
459 3151 505 3198 AD
522 3149 755 3199 nocnrmctm
776 3151 934 3197 ninculus
993 3154 999 3167 ‘

175 3256 369 3304 DOCTRINAE
394 3256 643 3303 nselmutortum
664 3256 879 3302 necessitatis

86 3444 171 3508 linas
194 3445 378 3510 necessario
400 3440 565 3531 oportere
584 3443 785 3510 conditiones
808 3465 892 3530 quae
908 3441 1005 3508 simul
1028 3409 1068 3506 ad

89 3549 158 3613 lum
181 3547 257 3614 fidei
279 3548 542 3615 constituendum
567 3555 780 3626 concurrant,
798 3568 891 3613 nemo
915 3556 964 3613 est
981 3545 1069 3611 theo·

85 3674 129 3716 rm
152 3653 211 3740 qui
235 3653 379 3739 ignoret,
404 3653 538 3719 alteram
563 3659 782 3733 iutchcsecem
798 3660 1002 3720 extrinsecam
1024 3651 1070 3716 al·

86 3757 216 3822 ‚Prior
237 3763 298 3836 est,
315 3766 353 3822 ut
369 3755 457 3844 quod
480 3779 522 3824 ex
541 3756 603 3825 fide
619 3758 695 3826 cst
684 3780 720 3824 an
735 3758 844 3824 diviua
864 3758 1069 3823 contineatur
1120 3813 1163 3862 m

90 3863 189 3928 tione.
214 3859 289 3926 ldeo
311 3861 397 3926 enim
420 3860 545 3950 aliquid
569 3885 611 3929 ax
633 3862 696 3929 lide
718 3863 904 3942 credimus,
934 3859 1013 3948 quia
1036 3857 1071 3924 id

86 3968 137 4034 vit
152 3969 254 4034 Deus.
272 3968 428 4034 Modicum
443 3966 616 4056 siquidem,
635 3970 699 4035 ut
689 3991 723 4036 au
744 3967 862 4034 scholis
877 3967 1014 4055 loquunt
1015 3984 1102 4042 ur,

86 4069 150 4136 lc
139 4090 175 4135 m
197 4068 286 4157 quod
308 4069 436 4136 taudem
458 4070 576 4138 recidit
599 4078 691 4139 actus
706 4070 797 4150 fidei,
821 4076 871 4136 est
893 4065 1071 4134 auctoritas

86 4172 255 4243 evalentis.
288 4172 399 4241 Altera
423 4181 472 4240 est
503 4174 683 4265 propositio
703 4172 868 4243 Ecclesiae
892 4192 958 4260 qua
989 4144 1135 4235 certi'

912 4280 932 4346 9

1143 1783 1214 1855 Quid
1225 1790 1278 1842 nob

1119 1858 1147 1911 lu
1159 1859 1239 1913 altera
1251 1861 1278 1913 tu

1119 1928 1198 1983 Parta
1218 1931 1278 1984 altr

1119 2002 1234 2068 gaudum

1155 3459 1278 3511 Deseror

1119 3528 1230 3582 ditiones
1241 3539 1278 3581 aut

1118 3598 1153 3649 do
1137 3612 1245 3667 ogmar
1196 3600 1245 3650 atto
1246 3599 1278 3654 ld

1119 3669 1185 3720 cratl
1207 3670 1278 3722 edttls

1119 3753 1179 3791 nem
1192 3741 1279 3809 requie

1127 4065 1191 4188 liItei
1203 4064 1278 4117 revel
