2828 4904
519 120 564 137 ..
586 84 629 153 35
652 120 697 137 ..

62 236 130 281 esse
141 204 374 297 expungenda,
387 210 444 271 sut
455 204 533 291 quia
548 210 678 291 praeter
688 223 757 269 rem
769 208 866 290 atque
878 204 1059 271 inconsulto
1071 215 1145 271 sunt
1198 223 1318 273 sermm
1328 224 1375 273 ιιι-

60 320 229 401 cougesta‚
242 315 304 375 aut
318 307 396 395 quia
412 328 454 373 ex
465 306 656 396 apocryphis
673 306 816 373 derivata
831 304 988 388 lontibus,
1000 316 1058 374 sut
1068 309 1146 396 quia
1198 292 1376 428 mamm

55 418 202 504 denique
227 411 353 479 fictitiis
375 410 472 476 ctiam
496 409 686 476 auctoribus
709 410 938 476 adnumerum
963 411 1173 499 augendum·

57 520 245 606 lucumque
262 514 446 580 iaciendum
462 513 625 601 adscripta
643 510 698 602 (ll.

152 620 216 685 liic
238 617 345 703 igitur
365 615 530 703 catalogus
547 617 588 681 ad
603 638 708 704 pauca
730 619 858 682 nomina
881 626 1064 686 coarctatus
1085 626 1147 698 est,
1222 654 1334 715 mm„
1347 651 1377 699 ῃ.

64 746 104 789 ac
128 744 170 788 ea
189 718 256 787 iere
280 726 368 798 sunt,
392 740 475 806 quae
499 718 648 805 deinceps
671 720 823 785 Petavius
848 716 889 803 (2)
911 730 1147 801 commemorat,
1201 726 1284 774 iorum
1328 734 1376 771 ¹¹¹¹·

72 834 173 912 atque
182 828 329 889 recenset
339 821 504 886 Lauuoius
518 816 572 909 (3),
586 829 683 908 atque
699 822 818 886 iterum
831 821 990 886 Antonius
1006 822 1150 909 Lampri·
1203 808 1296 845 merus.

67 927 142 993 dius
160 922 217 1017 (l),
229 925 290 1014 qui
306 945 344 991 ea
358 925 472 990 ordine
488 924 712 1012 chronologico
728 925 863 1012 digessit
878 948 897 990 a
917 925 1028 989 seculo
1046 926 1092 989 lll
1109 925 1150 991 ad

62 1029 217 1098 seculum
234 1049 340 1116 usque
356 1029 433 1107 xil,
446 1029 479 1093 in
495 1050 561 1117 qno
578 1028 652 1094 data
674 1036 758 1094 esta
775 1050 800 1095 s.
821 1028 985 1095 chardo
1013 1026 1148 1115 epistola

61 1134 103 1199 ad
119 1131 298 1200 canonicos
316 1131 543 1218 lugdunenses.
568 1134 628 1197 llic
644 1153 741 1220 porro
757 1142 872 1198 auctor
889 1131 1068 1196 testimonia
1087 1129 1150 1195 ier·

60 1260 112 1304 me
124 1237 265 1325 triginta
277 1236 508 1323 promaculato
524 1258 581 1302 seu
594 1238 707 1303 vitiato
719 1237 909 1325 primigenia
922 1236 992 1302 labe
1004 1234 1149 1331 Virginis

63 1349 222 1431 conceptu
241 1340 401 1428 allegavit.

153 1444 285 1509 Verum
307 1450 340 1508 et
367 1441 444 1508 lruic
467 1463 601 1508 numero
623 1442 748 1530 aliquid
775 1442 880 1509 adhuc
907 1450 957 1507 est
982 1441 1150 1508 detrahen-
1202 1441 1378 1507 demum·-

62 1544 205 1626 dum,
177 1566 208 1610 er
226 1543 438 1610 auctoritates
464 1544 505 1608 ad
533 1544 604 1608 illas
630 1542 798 1609 dumtaxat
813 1551 977 1608 coarctare
1000 1543 1148 1622 velimus,
1202 1512 1378 1613 ¹¹⁰⁰⁰¹l⁸⁸⁸⁸f

60 1645 206 1733 quaeda
231 1646 392 1712 maculato
417 1648 454 1710 B.
472 1646 617 1732 Virginis
634 1653 790 1731 conceptu
818 1667 929 1732 presse
957 1647 1147 1734 loquuntur.

66 1748 238 1839 Siquidem
263 1748 339 1815 illae
362 1748 524 1815 commode
540 1770 614 1814 cum
631 1769 662 1835 p.
682 1749 855 1816 Benedicto
870 1750 988 1818 Plazza
1005 1752 1039 1817 in
1056 1750 1149 1837 quin·

100 1970 138 2041 (ll
156 1974 251 2040 iisque
270 1974 295 2025 id
314 1974 406 2025 mirum
419 1973 578 2039 rideripote-
631 1972 743 2037 ierimus,
752 1977 778 2024 et
790 1974 862 2024 cuins
880 1974 968 2025 labore
979 1976 1084 2024 utimur.
1102 1974 1141 2023 lie

63 2059 96 2109 rit
105 2058 362 2111 tumebcertsminis
370 2062 537 2122 aestumpum
546 2058 578 2108 ob
630 2057 1142 2121 quosucrorenocsatistudiniumpdsn·

64 2144 167 2197 critices
187 2142 325 2195 tenerioris
336 2140 463 2192 deiectum
474 2155 526 2207 que
536 2142 579 2191 iiia
631 2143 697 2192 caria
707 2142 732 2191 in
741 2143 832 2191 netad
842 2144 887 2194 cit.
894 2142 1074 2205 caputl’eiarii
1081 2140 1143 2193 edit.

65 2230 149 2278 aetate
157 2224 579 2277 neonmnt.flincertrmtscrum
632 2226 723 2276 Venet.
734 2219 812 2277 1757:
833 2226 1002 2289 sQuonemo
1019 2226 1141 2276 hactenus

66 2310 212 2379 &atrion
222 2308 300 2361 semei
310 2309 341 2359 ab
353 2310 411 2372 ipris
418 2311 473 2373 pise
483 2314 581 2360 senten·
632 2309 750 2360 uberiore
764 2323 793 2358 ac
811 2312 929 2362 solidiore
942 2310 1086 2362 eruditione
1097 2322 1145 2375 pro

66 2395 115 2447 tiae
123 2392 314 2460 adsertoribus,
326 2393 403 2444 imme
411 2392 500 2456 passim
520 2406 582 2456 apo-
633 2393 672 2458 pia
682 2393 803 2444 sententia
812 2395 959 2446 decertarit.
974 2393 1143 2460 ...quamvis

64 2479 161 2543 cryptis
171 2476 316 2529 testimonia
324 2476 579 2541 proferrenturiiaec
630 2477 693 2528 iilud
702 2492 717 2528 a
725 2479 922 2542 praecinrissimo
933 2483 1040 2530 auctore
1051 2483 1136 2542 optas-

67 2576 110 2617 ιω
120 2562 293 2615 discutiemus
304 2562 371 2613 loco·
633 2576 696 2629 sem,
708 2568 737 2612 ut
745 2577 759 2614 a
768 2563 925 2615 deiendeuds
935 2578 955 2614 s.
964 2563 1048 2613 laconi
1064 2563 1140 2615 litur-

98 2638 131 2713 ω
150 2642 197 2698 De
207 2643 340 2699 merset.
353 2640 448 2713 unta,
457 2659 481 2696 c.
489 2636 516 2696 2.
630 2647 679 2714 gia,
687 2649 892 2713 paucissimisque
905 2649 958 2698 aliis
967 2649 993 2698 id
1002 2662 1081 2713 genus
1090 2649 1139 2699 du·

99 2724 132 2795 (3)
160 2728 213 2793 Op.
234 2728 278 2785 cit.
302 2724 527 2799 praescriptiones
548 2726 581 2782 de
633 2731 688 2782 biae
697 2732 755 2783 iidei
764 2734 932 2783 monumentis
942 2733 1085 2784 adserendis
1094 2732 1140 2783 ab·

73 2809 206 2883 Conceptus
217 2810 251 2864 B.
263 2810 303 2867 M.
318 2811 347 2867 V.
633 2817 853 2871 retransmeare
871 2818 1140 2886 etsisunthodieqne,

97 2894 137 2965 (4)
155 2894 580 2967 Demperrtutoneotrcnea.flu
631 2901 1142 2969 quiidipsumsentiunt,quemadmodum

68 2982 384 3051 auctur‚quamrisdirecte
394 2982 581 3033 immaculatum
632 2980 766 3053 liturgici
779 2982 884 3039 Codicis
894 2987 978 3038 editor
994 2989 1086 3052 ioseph
1103 2986 1142 3039 Δ·

68 3067 179 3131 Virginis
191 3065 349 3129 Concepium
369 3066 414 3115 sibi
432 3067 579 3131 impugnan·
632 3067 718 3118 loisius
735 3069 906 3131 Assemaniuq
917 3074 1000 3121 tamen
1012 3086 1094 3137 neque
1106 3074 1138 3123 ad

69 3151 128 3201 dum
150 3150 255 3200 minim
276 3150 418 3217 sumpserit,
436 3151 481 3201 sed
499 3152 579 3203 solum
632 3155 837 3217 propugnandam
856 3156 920 3205 hana
938 3168 1040 3206 musam
1057 3170 1145 3207 nuces·

70 3240 157 3285 ratum
176 3234 264 3284 tuendi
282 3246 363 3295 nsque
383 3234 414 3284 ad
432 3234 579 3297 sangninem
630 3237 694 3285 saria
714 3237 809 3287 isthaec
827 3242 943 3305 ernnust
954 3243 1057 3302 propter
1075 3253 1140 3303 pau·

69 3318 254 3369 immaculatam
262 3316 293 3367 ii.
302 3316 414 3379 Virginis
432 3317 576 3383 Conceptio·
629 3321 737 3385 cos‚qui
754 3326 844 3371 contra
862 3334 986 3387 magnam,
999 3321 1138 3373 iormldsn·

70 3402 268 3469 nam3indirecte
277 3406 362 3451 tamen
379 3404 506 3467 quotquot
519 3416 578 3453 cur·
629 3405 739 3466 demque
756 3405 903 3455 criticorum
916 3407 1044 3457 nationem
1056 3406 1139 3457 vindi-

69 3502 157 3553 rogare
176 3487 264 3551 potuit
279 3490 414 3535 auctorum
434 3487 577 3537 testimonia
631 3489 911 3556 centur7huiuscemodi
922 3491 1142 3559 iibronconmuu·

70 3573 122 3635 pisa
130 3571 274 3623 sententiae
282 3571 410 3620 contraria
421 3570 533 3634 collegit.
542 3572 579 3622 Ea
632 3572 710 3623 tarius
731 3573 865 3624 lectissima
887 3577 1033 3639 ceteroquin
1055 3576 1143 3626 erudi·

72 3658 152 3707 omnia
171 3654 317 3720 singiliatim
329 3654 448 3718 expendit
459 3669 484 3718 p.
497 3657 579 3707 Bene·
601 3698 604 3706 .
631 3656 701 3708 tione
713 3656 823 3708 refertus
832 3659 899 3722 apud
908 3660 1000 3710 sciolos
1008 3660 1145 3727 quosdam

72 3747 123 3791 uns
134 3741 228 3791 Piazss
238 3739 266 3789 in
277 3738 372 3789 celebri
387 3750 473 3802 opere:
488 3733 578 3791 Gauro
630 3742 674 3789 aut
686 3739 790 3792 alterius
803 3744 880 3805 partis
893 3744 1017 3794 studiosos
1030 3742 1145 3795 homines

73 3821 255 3876 imnaculutes
266 3818 508 3890 Conceptionisroi.
518 3818 578 3873 int.
604 3822 659 3874 ·'in
675 3824 890 3887 contemptionem
910 3827 1002 3876 cadit.»
1020 3824 1109 3891 itque
1122 3828 1146 3879 id

73 3907 186 3960 Panormi
196 3900 278 3974 1747,
289 3918 321 3956 ox
330 3919 381 3968 quo
393 3905 456 3958 haec
474 3907 527 3970 ipss
540 3920 581 3958 re·
635 3909 737 3970 quidem
747 3908 849 3971 optimo.
