2828 4904
876 280 1062 354 ..por-

205 397 328 488 macte,
342 417 387 474 [a
432 405 487 465 aas
504 397 566 465 snb
588 400 799 466 anathematis
820 422 923 488 poena
939 403 1096 468 credenda
1114 404 1333 491 proponitnr3
1353 407 1363 471 i

242 487 343 548 directe

224 715 373 797 Expresso,

256 796 337 879 tacita

221 1137 350 1202 Exemplis
367 1154 382 1191 e

222 1207 373 1261 Tridentino

205 1281 290 1340 petitis
300 1295 340 1331 res
350 1283 382 1332 il·

205 1347 338 1403 lustratur.

436 526 512 571 cum
527 510 560 573 ia
576 506 714 592 obliquo,
729 515 767 570 ut
790 506 904 586 aiunt,
929 530 981 572 res
1006 507 1140 573 tenenda
1160 510 1362 597 proponitur

438 615 546 674 autem
571 608 785 675 irrlallibilitas
809 610 989 688 Ecclesiae,
1005 634 1089 698 quae
1106 613 1152 677 ita
1173 613 1268 678 docet
1286 636 1363 679 esse

436 710 525 777 dum.
544 715 706 800 Expresso
727 714 804 778 dum
821 715 984 802 conceptis
996 715 1105 781 verbis
1125 718 1177 780 ius
1193 716 1363 784 credendu

436 818 561 901 mitur3
586 819 682 885 tacite
705 816 837 883 demum-
862 817 939 882 dum
965 817 1087 884 lactum
1109 841 1185 885 cum
1206 821 1282 886 iure
1310 844 1363 886 ser

437 944 495 988 seu
513 920 646 1002 factum,
663 922 787 1010 quoda
813 923 888 987 iure
912 924 1029 1009 pendet
1044 933 1142 1011 atque
1158 926 1193 990 in
1211 947 1252 991 eo
1271 925 1363 992 lund:

437 1028 590 1095 struitur.
1067 1098 1070 1107 ¹

523 1132 678 1198 Diversae
707 1130 933 1198 huiuscemodi
961 1134 1103 1199 rationes
1121 1135 1155 1198 in
1183 1132 1309 1199 edenda
1333 1133 1362 1198 dt

432 1237 610 1324 dogmatica
628 1235 811 1303 luculenter
826 1236 936 1304 videre
953 1247 1002 1303 est
1013 1238 1047 1302 in
1060 1238 1216 1326 exemplis
1229 1240 1362 1326 apprim

433 1343 505 1409 cuis
517 1362 601 1429 quae
619 1341 792 1407 tridentina
809 1328 993 1429 suppeditat
1011 1343 1167 1431 Synodus.
1190 1343 1354 1410 Nonnulla

433 1447 467 1512 in
483 1467 551 1511 rem
573 1454 716 1511 nestram
739 1445 929 1511 delibemus.
954 1448 1099 1512 Primum
1122 1447 1347 1513 definitionum

433 1571 572 1618 canones
592 1549 663 1616 fere
684 1571 804 1628 omnes,
828 1550 887 1637 qni
909 1551 1063 1619 adversus
1086 1561 1257 1619 novatores
1283 1552 1362 1617 sanci

433 1651 605 1737 exhibent3
622 1652 673 1717 uti
696 1674 775 1718 sess.
799 1654 862 1719 Vll
886 1654 992 1720 canl
1020 1654 1059 1719 de
1083 1654 1268 1741 baptismo:
1292 1654 1327 1718 Si
1341 1678 1362 1742 q<

432 1763 490 1837 rit,
503 1757 689 1846 baptismum
703 1757 835 1823 Ioannis
861 1759 1001 1825 lodumsc
1032 1761 1159 1825 eandem
1185 1766 1249 1826 eim
1272 1782 1362 1825 cum·

437 1861 556 1928 cantet
566 1909 578 1941 ,
601 1862 768 1928 canticam
790 1868 844 1940 sit,
860 1869 958 1950 atque
975 1864 1031 1928 alii
1054 1865 1153 1929 huius
1171 1864 1303 1929 similes.
1325 1863 1362 1928 Α(

434 1965 513 2030 dum
529 1964 754 2031 definitionum
777 1965 923 2032 ordinem
948 1975 1072 2054 spectat
1094 1969 1279 2054 exemplum
1301 1989 1361 2032 can.

433 2069 556 2148 xxlv,
572 2069 607 2136 in
622 2091 688 2157 quo
704 2090 779 2134 cum
793 2070 912 2137 vellent
928 2070 1097 2136 tridentini
1114 2073 1239 2150 Patres,
1256 2080 1293 2136 ut
1310 2092 1361 2155 sup

430 2182 517 2252 mus,
534 2194 668 2260 parcere
683 2173 817 2242 Graecis
833 2174 892 2261 qui
909 2183 1078 2239 autumant
1101 2175 1340 2239 matrimonium
1359 2201 1361 2226 ι

431 2299 510 2344 num
524 2282 658 2365 prepter
669 2277 868 2345 adulterium
884 2279 1032 2364 coniugis
1050 2279 1243 2344 alterutrius
1256 2297 1361 2365 posset

431 2403 573 2471 cumque
588 2383 686 2447 simul
709 2384 827 2449 vellent
849 2383 960 2448 eadem
983 2382 1168 2448 definitione
1187 2382 1355 2469 percellere

431 2510 496 2567 res,
513 2487 572 2574 qui
595 2485 637 2551 ob
658 2487 854 2553 contrariam
870 2485 1035 2552 Ecclesiae
1051 2484 1232 2551 doctrinam
1251 2495 1284 2551 et
1306 2506 1358 2549 eon

432 2613 504 2657 nem
520 2591 642 2657 erroris
667 2612 737 2655 eam
752 2590 960 2668 incusabant,
986 2592 1048 2679 ipsi
1073 2612 1225 2656 canonem
1251 2612 1354 2665 suum,

430 2694 632 2782 supplicante
653 2702 790 2772 venete,
817 2695 864 2760 ita
883 2703 1140 2782 attemperaruut
1155 2703 1192 2758 ut
1215 2694 1361 2760 catholica

431 2797 534 2864 fuerit
556 2808 691 2877 asserta,
714 2806 949 2884 novatoresque
971 2798 1124 2877 damnati,
1142 2799 1260 2864 Graeci
1283 2820 1357 2863 vere

432 2903 571 2968 themate
588 2901 729 2968 abierint
751 2903 921 2968 immunes.
940 2902 1107 2990 Siquidem
1130 2903 1275 2967 illumin
1303 2904 1358 2968 hac

432 3031 516 3096 quae
534 3009 613 3074 alias
630 3008 815 3088 retulimus,
834 3029 1035 3095 expressere:
1060 3011 1098 3073 Si
1108 3015 1175 3096 quir
1192 3011 1322 3087 dixerit,
1340 3011 1360 3073 l

327 3161 330 3166 ,
433 3133 556 3187 errare,
568 3133 639 3177 cum
656 3111 761 3176 docuit
777 3123 805 3176 ct
822 3111 921 3186 decet,
936 3116 1029 3176 turta
1042 3113 1252 3196 cenapolicem
1269 3124 1298 3176 et
1314 3135 1360 3198 opt

434 3218 630 3292 doctrinam,
647 3227 780 3303 prepter
802 3217 994 3281 adulterium
1017 3218 1148 3281 atterius
1173 3222 1360 3301 eartiapam¹

433 3325 482 3386 aii
501 3323 663 3386 vinculum
689 3344 752 3387 aon
774 3343 863 3408 posse
889 3322 1017 3384 dr'csalei
1034 3369 1041 3384 .
1057 3370 1064 3384 .
1081 3369 1111 3384 ..
1137 3323 1307 3386 anathemo
1333 3328 1360 3386 si

434 3422 558 3491 ordinis
581 3423 782 3490 definitiones
807 3432 853 3489 tot
876 3424 1102 3490 subministrat
1126 3424 1236 3490 eadem
1258 3426 1360 3513 Synod

436 3528 590 3597 veritates
606 3528 781 3594 catholicas
797 3528 917 3595 diserte
933 3530 1109 3594 credendas
1127 3531 1298 3616 proponit3
1316 3541 1359 3597 at(

436 3631 547 3698 eadem
579 3651 657 3695 sess.
682 3631 792 3695 XXIV
824 3631 996 3710 sistamus,
1020 3654 1095 3697 cum
1117 3654 1188 3696 can,
1214 3630 1233 3696 l
1264 3644 1357 3697 coust

435 3739 505 3823 qais
523 3734 638 3798 dixerit
660 3739 893 3799 matrimonium
915 3758 979 3800 non
1001 3758 1061 3799 csse
1080 3758 1151 3800 'vere
1168 3748 1196 3800 ct
1212 3743 1346 3824 proprie

434 3851 547 3927 septem
565 3839 639 3922 lepis
662 3839 856 3922 connectione
877 3845 1080 3905 sacrementis
1097 3864 1118 3904 e
1137 3838 1261 3905 Christo
1281 3840 1359 3906 Dom

437 3958 563 4020 tutam,
582 3945 634 4008 sed
657 3944 695 4009 ab
718 3944 889 4010 beatimites
913 3952 945 4012 in
970 3948 1108 4012 Ecclesia
1132 3953 1312 4027 iacentum,
1335 3971 1357 4014 a

431 4053 514 4119 ‚tiam
531 4046 670 4129 conferre
679 4068 694 4121 ;
710 4046 876 4112 anathemo
899 4054 948 4112 sit.
971 4049 1089 4127 Quarti
1107 4048 1247 4136 denique
1268 4051 1359 4115 ordin

320 4213 322 4219 .
439 4171 520 4235 quos
536 4149 771 4231 recensuimus,
798 4151 944 4237 exempla
971 4161 1114 4238 praestat
1140 4153 1251 4220 eadem
1267 4155 1359 4244 Syna
