2828 4904
499 336 544 353 ..
566 300 608 369 57
632 337 676 354 ..

46 430 164 504 llario,
179 427 277 510 iligna
296 423 354 488 Dei
367 425 569 489 immaculata
591 427 693 489 sanati
702 424 920 501 ¹isnmaenlati,
936 446 1002 490 una
1016 429 1121 491 unius.

45 536 100 602 Ubi
122 554 199 597 earn
222 528 350 595 confert
371 550 444 595 eum
466 531 666 595 imnsaeulato
690 529 750 593 Dei
771 528 879 607 Filio,
902 537 934 595 et
961 551 1019 616 per
1041 550 1125 597 eom·
1244 531 1251 544 ‘

40 637 244 725 perationem
260 632 302 699 od
313 633 403 700 illum
419 642 510 699 voest
524 635 767 701 immaculatam.
784 633 940 720 Sequitur
952 633 1066 699 deinde
1080 635 1125 701 ni·

41 741 177 828 loquens
202 740 242 802 B.
260 737 391 824 loseph:
408 737 518 824 Arsene
534 759 605 820 ergo
621 759 688 802 eam
703 741 784 803 sieut
799 739 1043 803 commendatum
1058 761 1127 805 eae·

40 848 142 911 lestem
153 842 352 919 tnesaurum,
363 841 495 907 Deitatis
511 842 635 907 dieitim
654 847 733 908 sieut
748 842 959 928 plenissemam
977 848 1127 909 sanctita·

43 961 110 1025 tem,
127 953 215 1013 sieut
230 945 401 1033 perfeetum
416 950 568 1011 iustitiam
572 967 587 1019 ;
603 953 713 1031 postes
730 944 911 1011 concludit:
928 946 1033 1010 audete
1044 948 1129 1033 quod

48 1057 177 1137 virgoin
189 1055 505 1137 utsroaeeipiet;non
517 1050 709 1115 eadesiderio
717 1053 1128 1137 partumeones'piens,quae

47 1178 136 1244 neque
154 1159 363 1244 persuasione
383 1158 531 1242 serpentis
545 1154 671 1241 decepta
693 1165 749 1230 est,
770 1175 867 1241 neque
886 1159 952 1218 eins
974 1153 1128 1237 afflatibus

45 1264 203 1326 venenosis
226 1259 342 1342 inserta
365 1256 425 1341 (1).
441 1258 528 1323 liaeo
550 1266 709 1344 postrema
726 1256 824 1323 verba
848 1257 902 1323 vix
919 1278 983 1322 non
1004 1255 1128 1323 dixeris

43 1362 213 1429 formalem
228 1369 330 1447 etque·
339 1381 524 1447 expressam
535 1359 575 1426 de
585 1360 789 1438 immunitate
801 1362 838 1425 B.
852 1360 998 1447 Virginis
1011 1359 1052 1426 ab
1063 1360 1128 1425 ori·

45 1465 140 1551 ginali
163 1461 297 1537 macule
314 1463 579 1529 enunciationem.
596 1463 797 1529 Praeclaram
812 1463 952 1550 denique
968 1464 1053 1530 idem
1069 1485 1126 1529 sn·

50 1577 112 1633 etor
125 1565 280 1635 instituit
295 1565 469 1633 antithesin
485 1567 612 1631 Patrem
635 1567 720 1632 inter
741 1574 908 1632 oeternum
924 1569 1129 1654 Matremque

51 1679 208 1737 terrenum
219 1669 382 1757 inquiens:
394 1669 466 1737 Non
475 1671 589 1754 indiget
602 1666 773 1757 (Christus)
784 1681 878 1756 patre
892 1683 1127 1759 superterram.

48 1771 325 1861 lneorruptililem
345 1777 426 1839 enim
447 1772 536 1838 labet
557 1784 682 1859 patrem
704 1777 739 1838 in
761 1775 896 1839 sneeisis.
920 1773 992 1841 Non
1014 1775 1130 1860 indiget

47 1889 144 1945 notre
157 1881 197 1944 in
215 1876 323 1953 eaeiis,
344 1877 578 1942 immaculatam
589 1887 617 1942 et
633 1887 751 1942 castam
765 1875 855 1942 labet
868 1888 1001 1944 matrem
1022 1882 1056 1945 in
1070 1890 1131 1943 ter·

53 2003 101 2057 so,
122 1981 207 2047 lano
229 1981 364 2045 multum
384 1980 505 2045 beatam
534 1978 687 2065 Virginem
708 1980 848 2046 Mariam
871 1979 933 2064 (2).

138 2087 279 2170 dignae
290 2081 330 2149 de
342 2084 379 2148 B.
392 2082 526 2168 Virgine
537 2081 658 2148 diserto
672 2103 815 2147 sermone
827 2083 957 2149 hebete.
970 2084 1137 2171 Ephreem·
1221 2131 1227 2148 .

55 2186 1132 2277 syrnsomnemsuperontopinionem.Etenimesmomnibnspree-

52 2290 150 2358 enode
172 2289 306 2357 extollit
333 2290 479 2357 oratione
495 2304 572 2357 vere
592 2290 756 2356 melliflue.
773 2290 934 2357 Nonnulla
958 2289 1131 2356 subiiciern

53 2416 132 2482 quse
154 2395 296 2484 propius
313 2394 436 2461 adrem
454 2404 595 2462 nostram
611 2402 765 2482 spectant.
782 2396 818 2460 ln
835 2395 980 2461 oratione
1002 2393 1044 2460 od
1059 2416 1131 2460 ssn·

56 2499 227 2565 etissimnm
235 2498 297 2564 Dei
309 2498 517 2565 Genitrieem:
530 2500 751 2578 immaculata,
763 2499 881 2587 inquit,
894 2512 921 2564 et
933 2504 1131 2578 intemerata,

57 2608 238 2691 incorrupta
255 2614 284 2667 et
294 2623 427 2691 prorsus
446 2604 583 2690 pudiea,
607 2614 699 2692 atque
722 2604 760 2669 ab
785 2609 870 2670 omni
890 2604 978 2670 sorde
1001 2627 1040 2670 aa
1061 2605 1130 2670 labe

57 2711 169 2792 peceati
182 2707 373 2791 aliennsima
396 2705 502 2792 Virgo,
524 2709 585 2772 Dei
598 2708 721 2794 Sponsa
744 2720 773 2775 et
789 2710 925 2774 Domina
941 2720 1051 2775 nostra

62 2812 220 2888 inuiolata,
242 2814 379 2896 integra,
388 2808 554 2900 planeque
563 2834 650 2898 pura
673 2835 712 2877 aa
735 2823 822 2878 easta
850 2812 942 2898 Virgo
963 2813 1025 2879 Dei
1040 2811 1133 2878 Geni·

64 2919 118 2980 trin
130 2926 187 2980 ete
211 2913 359 2980 Sanatior
374 2913 539 3002 Seraphim
553 2925 581 2979 et
596 2915 881 3002 incomparabiliter
896 2918 1024 3003 reliquis
1038 2921 1135 2982 omni-

67 3014 109 3083 lus
129 3023 272 3107 supernis
294 3017 476 3085 exercitibus
495 3020 662 3103 gloriosior
679 3017 740 3102 (3).
757 3019 866 3084 Placet
880 3027 1047 3107 praeterea
1070 3019 1133 3085 sibi

69 3115 180 3189 ferrens
207 3121 260 3187 irie
287 3123 325 3187 B.
353 3121 498 3207 Virginis
525 3121 672 3188 laudator
699 3106 768 3188 eain
791 3121 966 3189 identidem
991 3121 1133 3191 vocando

71 3226 311 3302 inmaculatam,
334 3227 669 3303 immaculatissimam,
688 3228 911 3314 purissimam,
932 3250 1047 3294 nanum
1068 3250 1134 3293 ma-

71 3333 135 3394 nino
163 3353 203 3396 ae
233 3331 371 3396 diuinam
397 3331 616 3416 largitionem,
643 3336 766 3397 omnino
796 3333 1054 3408 immaculatam,
1077 3332 1136 3396 Dei

91 3560 121 3633 (l)
137 3567 252 3633 Origsnis
263 3565 409 3619 inaniunt
428 3568 491 3633 Opp.
505 3571 564 3622 Per.
616 3584 674 3621 rum
683 3569 757 3620 Tem.
767 3570 825 3619 vll.
835 3565 877 3620 De
889 3565 1005 3634 Origene
1015 3582 1057 3619 sn.
1065 3557 1127 3618 226.

69 3644 92 3697 ΙΙ.
101 3652 156 3703 edit.
169 3645 394 3707 reinonet572.
404 3650 516 3709 flama
527 3655 563 3704 in·
616 3669 673 3720 pag
685 3648 730 3704 44.
742 3668 796 3719 seq.

69 3731 274 3789 lullomiliasin
284 3733 403 3789 diuersos
413 3752 467 3803 psg
476 3730 564 3791 274-
620 3733 686 3804 (3)
704 3741 734 3789 ln
749 3735 877 3790 Oratione
890 3734 927 3789 ad
938 3733 1129 3790 sanctissimum

65 3804 111 3872 275·
617 3819 671 3874 liei
693 3818 863 3875 Genitrieem.
885 3821 1129 3884 eonsensum.

85 3895 196 3970 (2)th
208 3904 287 3956 Hom.
306 3905 352 3954 111.
367 3898 457 3968 „280
473 3897 562 3957 0012.
618 3901 697 3974 1598,
719 3908 858 3970 interprete
881 3905 1014 3957 Ghersrdo
1038 3903 1129 3954 vossio

65 3983 264 4041 tsnnuomitin
276 3987 315 4039 Cl
326 3989 507 4042 Betlsrnrinum
522 3986 563 4043 De
620 3990 695 4042 Τοιιι.
705 3992 751 4042 111.
764 4006 825 4056 pig.-
823 3981 890 4055 2103
899 4002 947 4040 nee
957 4001 1009 4040 non
1019 3983 1131 4038 Desun-

61 4066 376 4141 Serennltntssiasncum
385 4069 560 4129 miserturos.
621 4074 738 4128 atissisna
762 4072 816 4127 Dei
843 4069 987 4128 Genitrieis
1014 4065 1132 4135 Virginis

56 4156 156 4222 Philippi
175 4155 281 4206 Labbei.
295 4156 386 4207 Venet.
397 4147 475 4209 1728.
493 4156 560 4220 Ope·
622 4154 947 4217 monstruosissima.
961 4171 988 4222 p.
998 4147 1060 4207 207.
