2828 4904
96 458 187 504 ressu
203 437 417 503 iurisiurandi
434 437 587 524 religione
602 436 845 522 obstringendos
862 437 973 516 edixit,
991 445 1082 526 quot-

101 541 144 607 ad
156 541 338 607 academiae
354 542 471 628 gradus
488 543 677 629 aspirarent,
690 548 727 605 ut
738 562 796 627 pro
808 540 932 608 viribus
946 543 1030 629 piam
1043 542 1081 607 de

96 645 213 711 initate
230 647 417 711 sententiam
440 652 608 710 tuerentur
625 639 678 732 (i).
704 645 785 710 Cum
807 645 934 709 interim
952 647 1082 710 loannes

96 756 229 813 ntesono
245 770 286 812 ex
302 748 361 813 hac
384 749 538 813 sententia
555 747 594 813 ad
611 748 792 834 antipapam
808 747 999 813 Clementem
1022 749 1082 812 Vll

96 849 171 914 ione
192 848 354 914 sedentem
375 848 574 936 appellasset,
591 849 642 914 bic
665 848 853 914 sententiam
874 870 894 913 a
916 848 1082 914 Facultate

96 974 112 1017 n
130 953 337 1031 confirmarit,
353 975 410 1019 nec
426 952 554 1018 felicius
570 953 680 1018 Ioanni
699 953 864 1037 negotium
885 952 981 1017 cessit
996 950 1083 1039 apud

96 1074 179 1120 mum
195 1056 240 1120 Vl
258 1057 377 1120 Romae
394 1054 568 1140 degentem.

106 1159 288 1225 Recruduit
310 1181 352 1225 ex
373 1159 432 1225 hoc
454 1158 604 1224 conflictu
626 1158 842 1226 controversia
871 1160 956 1224 inter
978 1167 1083 1247 patro-

96 1283 171 1328 ores
193 1262 321 1327 Ioannis
344 1269 376 1328 et
399 1261 540 1327 lautores
573 1261 670 1327 Scoti:
694 1284 758 1349 qna
780 1261 820 1327 de
841 1284 939 1328 causa
962 1261 1082 1329 lactum

96 1374 133 1432 ut
158 1367 217 1453 qui
239 1365 394 1433 vindicias
418 1365 617 1452 susceperint
631 1367 758 1431 Ioannis
774 1388 793 1431 a
808 1368 1007 1446 Montesono‚
1019 1388 1083 1432 mo-

96 1492 115 1535 s
138 1492 203 1535 non
226 1493 347 1558 paucas
370 1470 542 1535 tolerarent
565 1467 618 1557 (2).
654 1473 761 1559 Atque
790 1471 875 1536 bunc
898 1471 932 1536 in
954 1469 1082 1536 modum

96 1596 150 1639 nae
170 1575 369 1640 velitationes
385 1581 417 1638 et
435 1574 583 1661 querelae
610 1573 694 1639 inter
710 1581 880 1661 utramque
896 1581 1018 1662 partem
1030 1595 1083 1641 ns·

96 1675 129 1742 id
154 1677 353 1742 celebratum
380 1675 555 1741 basileense
580 1676 758 1741 Concilium
785 1697 867 1741 anno
896 1673 980 1746 tiit
1009 1683 1085 1743 sunt

96 1787 203 1845 acne.
228 1782 264 1844 In
288 1779 347 1845 boc
364 1799 514 1844 consessu
537 1799 634 1843 causa
661 1778 862 1845 discutienda
878 1780 916 1845 de
932 1780 1084 1846 immacu·

96 1884 245 1970 Virginis
274 1886 436 1971 Conceptu
464 1883 627 1969 proposita
650 1893 709 1949 est.
739 1883 890 1972 Theologi
918 1887 1083 1974 utrimque

96 1989 230 2054 stionom
244 1996 424 2055 versarunt.
448 1987 610 2054 Adversus
634 1988 865 2056 immunitatem
882 1999 1012 2055 strenue
1029 1990 1082 2057 de-

98 2093 163 2158 avit
179 2092 316 2158 celebris
326 2114 358 2178 p.
373 2095 504 2157 loannes
519 2091 751 2177 aMontenigro
767 2114 809 2158 ex
820 2092 1081 2160 Praedicatorum

96 2214 137 2271 se,
150 2215 212 2280 pro
224 2195 422 2259 immunitate
433 2215 508 2260 vero
519 2191 605 2260 haud
617 2193 732 2258 minori
744 2215 818 2260 cnm
830 2194 949 2280 ingenii
962 2202 993 2258 et
1005 2216 1081 2259 eru-

96 2299 248 2363 1islaude
261 2321 347 2364 arma
360 2298 495 2385 sumpsit
506 2295 757 2364 doctusloannes
770 2299 1081 2386 segoviensis‚catho-

96 2402 163 2489 egis
176 2401 222 2467 ad
229 2402 407 2467 Concilium
422 2410 531 2467 orator
542 2398 595 2489 (31.
609 2403 743 2469 Concilii
754 2411 862 2491 patres
873 2409 910 2467 nt
921 2401 1082 2467 maturius

96 2661 104 2696 r
118 2649 199 2700 Petro
209 2644 362 2712 Deliliaco,
370 2647 414 2710 qui
426 2651 518 2697 tracta·
576 2644 714 2697 eiiecernnt
725 2656 758 2694 ns
774 2643 886 2695 homines
897 2643 977 2695 nostri
985 2658 1078 2696 censu-

97 2731 520 2797 ripsitcontraioannemdeblon·
573 2745 616 2781 rae
628 2746 712 2781 sacrae
729 2732 865 2782 Facultatis
885 2730 1081 2796 subscriberent,

105 2817 139 2866 ad
154 2816 274 2866 tuendam
286 2828 417 2865 censuram
430 2814 521 2864 Facnl·
576 2812 639 2864 laiso
658 2814 806 2865 arbitratis.
819 2815 929 2865 Thomas
941 2813 1080 2864 doctrinam

96 2899 229 2950 aristensis
240 2913 305 2949 anno
317 2894 395 2965 1587,
407 2913 458 2963 quo
477 2900 519 2947 lo-
574 2898 716 2948 academiae
726 2903 753 2949 et
762 2899 870 2963 episcopi
883 2897 1022 2962 parisiensis
1038 2898 1080 2947 in·

96 2984 186 3039 theses
204 2983 334 3032 damnatae
360 2987 429 3047 sunt,
446 2982 521 3043 longe
574 2981 640 3031 dicio
666 2983 778 3044 petitam.
806 2983 943 3048 Propterea
973 2979 1081 3032 docendi

96 3067 171 3116 bilius
192 3069 300 3129 constat,
318 3066 399 3114 adbuc
416 3064 522 3113 liberum
575 3064 790 3128 concionandlqua
798 3077 903 3114 munere
912 3063 1081 3127 gradibusque

107 3150 135 3200 in
148 3150 192 3199 ilia
206 3149 331 3199 academia
349 3163 395 3214 pro
415 3154 522 3212 utraque
576 3148 722 3212 theologicis
740 3162 843 3212 prorsus
860 3147 953 3198 nostris
976 3148 1081 3198 interdi-

95 3235 133 3286 tia
150 3234 293 3285 decertare.
375 3264 377 3273 ·
574 3238 644 3303 ctum
664 3238 719 3284 est:
738 3236 764 3284 ct
791 3233 903 3297 quamvis
926 3231 1078 3296 postliminio

96 3318 198 3380 Nempe
218 3318 360 3369 iuramento
371 3318 420 3368 boo
438 3316 520 3380 coepit
575 3329 661 3367 omnes
673 3321 717 3366 aut
734 3317 835 3380 plurimi
849 3317 880 3366 ad
893 3317 1048 3367 conditiones
1064 3329 1079 3364 a

96 3403 179 3465 rsitas„
199 3403 340 3467 parisiensis
378 3402 522 3452 candidatos
576 3413 646 3450 sacra
660 3402 790 3452 Facultats
808 3402 854 3451 sibi
872 3401 1003 3465 imperatas
1020 3413 1080 3451 exe·

96 3487 244 3556 idstringere
256 3491 313 3549 post
325 3487 465 3537 Concilium
476 3487 521 3536 bs·
574 3486 685 3549 quandas
702 3489 802 3549 praesto
820 3485 924 3551 fuerint,
936 3486 1003 3536 siros
1020 3498 1077 3534 aca-

96 3586 132 3640 se,
143 3576 174 3622 nt
184 3587 215 3623 ex
225 3574 337 3623 eiusdem
353 3572 462 3622 formula
475 3584 523 3624 sx-
576 3572 688 3622 demicos
699 3571 804 3622 flectere
821 3575 1034 3636 adaperuerunt,
1053 3573 1079 3619 et

103 3656 343 3729 aNat.Alexandro
351 3657 399 3708 loc.
409 3658 455 3708 cit.
463 3671 487 3708 c·
496 3653 523 3724 5,
575 3670 653 3706 annos
663 3655 756 3709 solidos
765 3657 965 3721 vigintiquinque
977 3655 1008 3704 ab
1020 3665 1078 3703 acs-

96 3738 145 3812 ‚§.
158 3738 203 3810 ll,
212 3743 355 3794 luculenter
367 3747 442 3806 patet.
481 3749 483 3752 ⁴
563 3777 567 3782 -
578 3742 658 3793 demis
667 3746 812 3792 manserunt
822 3742 943 3792 melissi.»

110 3831 193 3882 «itam
205 3827 322 3891 magister
333 3833 358 3878 st
370 3831 519 3892 procurator
607 3821 639 3891 (3)
648 3827 724 3879 Docti
739 3827 814 3877 buius
824 3825 934 3888 theologi
943 3827 1077 3887 supersunt

96 3912 204 3964 unestri
214 3908 446 3980 (Praedicatoram),
456 3913 520 3962 scri·
573 3911 640 3974 typis
657 3910 725 3960 edita
742 3906 921 3977 Altsgotioaes
941 3911 967 3956 et
984 3900 1079 3956 doaso-

96 3998 331 4052 iaiisniexioesit.
343 4011 366 4048 e.
376 3993 402 4065 3,
415 4004 464 4050 art.
472 3990 517 4066 23,
570 3993 894 4065 rasatopra's‘mmasuiota
906 3987 1078 4058 Correptioas

96 4082 521 4145 sdsiiontesonocausamimpru·
572 4078 735 4132 isomsimoe
751 4076 868 4145 Virginis
882 4070 1077 4144 protasome

104 4168 310 4232 susceperamus
319 4165 469 4216 securitate
476 4178 519 4216 sna
572 4159 769 4218 tioasPoiroas
782 4156 896 4213 Consilii
916 4152 1077 4220 imitatoria

1157 1257 1309 1309 Controver-

1134 1327 1186 1377 stas
1214 1329 1309 1380 matan-

1134 1397 1207 1448 ratio.

1159 2026 1309 2091 Disceptatio

1134 2097 1159 2146 in
1196 2097 1309 2149 Concilio

1133 2165 1273 2218 basileensi.

1162 2236 1192 2285 Ρ.
1203 2237 1309 2288 loannes

1133 2306 1309 2370 aMontenigro

1161 2376 1192 2426 P.
1203 2377 1309 2427 ioannes

1136 2446 1295 2510 segoviensis.
