2828 4904
714 319 900 394 -rtl-

262 441 429 533 Sanctum,
453 438 747 530 velutgraviorem
768 445 951 533 qnamdam,
974 444 1004 512 si
1026 446 1073 512 ita
1096 445 1188 535 loqui
1212 442 1262 514 ias

263 549 423 613 sarcinam
445 546 539 613 nobis
561 548 689 634 ingeri:
712 570 752 614 ne
776 549 910 639 alioqui,
934 550 1025 616 velut
1047 551 1131 620 cibis
1154 551 1247 617 ultra
1268 575 1294 620 u·

261 654 397 740 gravati,
422 673 459 718 ac
482 651 560 719 solis
582 653 684 719 radiis
700 653 831 720 hebetes
853 656 964 752 oculos
984 655 1186 735 adiicientes,
1213 656 1257 722 iis
1284 688 1294 719 a

260 779 337 844 que,
353 757 475 845 quibus
490 757 631 847 praediti
648 780 791 839 eramus,
813 761 941 828 viribus
965 762 1253 848 periclitaremur:
1292 810 1294 820 Α

261 861 369 926 tacitis
392 864 502 949 potius
525 862 778 942 accessionibus,
802 872 850 943 et,
875 870 914 928 ut
932 864 1037 930 David
1060 865 1224 952 loquitur,
1249 887 1294 934 as

261 967 419 1046 sionibus,
436 975 535 1055 atque
557 991 599 1034 ex
615 969 718 1056 gloria
734 969 772 1034 in·
785 970 920 1057 gloriam
939 971 1230 1057 progressionibus
1254 983 1292 1037 et

262 1073 434 1136 crementis
450 1073 618 1138 Trinitatis
632 1073 741 1138 lumen
757 1072 1031 1161 splendidioribus
1048 1073 1258 1138 illucesceret
1271 1072 1294 1163 (l

203 1171 206 1174 ’
353 1177 426 1241 Huc
442 1176 567 1262 pariter
581 1174 773 1242 referuntur
790 1199 875 1264 quae
887 1185 950 1242 noh
966 1179 1073 1243 minus
1088 1198 1167 1244 vere
1180 1198 1294 1264 quana

264 1288 377 1366 gauter
392 1280 525 1366 scripsit
537 1281 727 1345 Vincentius
740 1281 910 1347 lerinensis
921 1283 956 1347 in
975 1281 1094 1347 celebri
1107 1302 1170 1346 sno
1187 1280 1294 1344 Commo

263 1389 356 1462 torio,
370 1404 532 1471 exponens
544 1382 625 1470 quid
633 1384 778 1449 Ecclesia
789 1385 1223 1473 praestiteritConciliorum
1232 1384 1294 1470 dogr

266 1488 340 1554 ticis
357 1487 538 1570 decretis-l
566 1487 688 1553 Christi
705 1490 857 1568 Ecclesia,
873 1490 992 1575 inquit,
1009 1488 1121 1553 sedula
1138 1497 1171 1552 et
1189 1497 1281 1553 cauta

264 1592 449 1678 positorum
472 1591 559 1678 apud
576 1612 617 1657 se
640 1592 827 1679 dogmatum
844 1600 964 1670 eustos,
984 1591 1066 1656 nihil
1087 1592 1122 1656 in
1143 1591 1197 1656 his
1214 1614 1294 1679 unqu

267 1700 440 1782 permutat,
458 1693 540 1760 nihil
551 1696 681 1775 minuit,
698 1696 779 1760 nihil
796 1695 901 1780 addit3
922 1717 985 1760 non
997 1701 1143 1782 amputat
1159 1715 1293 1760 necessa

267 1817 331 1861 non
349 1797 481 1884 apponit
498 1798 675 1886 superflua,
692 1820 755 1864 nou
772 1798 892 1863 amittit
908 1819 979 1876 sua,
997 1818 1060 1862 non
1076 1803 1220 1884 usurpat
1236 1796 1294 1862 alie

270 1901 325 1967 sed
345 1901 432 1966 omni
454 1900 617 1968 industria
646 1903 707 1968 boc
729 1923 832 1968 unum
855 1901 981 1981 studet,
1013 1908 1051 1966 ut
1072 1909 1187 1965 vetera
1218 1900 1294 1965 fidel

270 2004 498 2094 sapienterque
520 2005 699 2086 tractando,
723 2006 752 2071 si
775 2028 840 2094 qua
863 2013 939 2071 sunt
961 2006 1018 2072 illa
1048 2005 1240 2091 antiquitus
1264 2007 1294 2070 in

267 2119 355 2180 mata
376 2117 410 2176 ct
426 2111 591 2190 inchoata,
615 2118 748 2177 accuret
764 2119 797 2176 et
812 2110 928 2198 poliat3
951 2112 1060 2198 siqua
1076 2111 1140 2174 inm
1166 2110 1294 2176 contirn

269 2228 302 2281 et
317 2213 459 2294 definita,
477 2213 651 2281 custodiat.
667 2214 818 2302 Denique
833 2214 914 2300 quid
930 2236 1073 2301 unquam
1090 2214 1186 2279 aliud
1202 2215 1294 2281 Conci

269 2341 344 2407 rum
367 2319 507 2386 decretis
530 2320 621 2386 enisa
637 2325 697 2398 est,
714 2320 779 2384 nisi
795 2327 834 2383 nt
854 2318 942 2406 quod
961 2327 1053 2384 antea
1076 2318 1294 2405 simplicitert

270 2423 432 2501 debatur,
456 2423 516 2488 hoc
539 2422 625 2487 idem
648 2430 760 2509 postea
794 2421 983 2508 diligentius
1012 2409 1243 2488 crederetur?
1271 2423 1294 2502 Q

271 2531 365 2590 antea
387 2523 507 2588 lentius
540 2523 815 2611 praedicabatur,
843 2526 903 2589 hoc
925 2525 1011 2589 idem
1040 2531 1153 2611 postea
1183 2526 1293 2589 instan

270 2626 539 2716 praedicaretur3
563 2627 652 2715 quod
674 2636 768 2694 antea
802 2629 952 2694 securius
976 2626 1165 2707 colebatur,
1191 2629 1256 2694 hoc
1277 2630 1294 2693 it

270 2738 383 2820 postea
406 2730 578 2798 sollicitius
608 2727 844 2800 excoleretur?
866 2734 935 2798 Hoc
962 2733 1095 2820 inquam
1125 2754 1274 2820 semper,

269 2837 447 2923 quicquam
458 2844 638 2924 praeterea,
647 2837 886 2903 haereticorum
896 2837 1096 2903 novitatibus
1109 2836 1294 2917 excitata(

270 2941 422 3007 ciliorum
446 2961 581 3006 suorum
596 2942 736 3007 decretis
758 2941 917 3007 catholica
938 2939 1077 3029 perfecit
1099 2940 1294 3025 Ecclesia3·

271 3054 310 3111 ut
333 3042 420 3132 quod
443 3047 537 3134 prius
561 3069 579 3111 a
602 3045 782 3112 maioribus
799 3045 866 3111 sola
883 3044 1057 3111 traditione
1075 3056 1294 3135 susceperat,

271 3148 387 3217 deinde
408 3151 548 3238 posteris
571 3151 670 3217 etiam
692 3171 751 3239 per
770 3151 953 3237 scripturae
976 3149 1233 3236 chirographum
1254 3170 1294 3214 co

270 3261 398 3339 gnaret3
422 3276 569 3341 magnam
585 3275 697 3319 rerum
713 3276 869 3321 summam
882 3254 996 3341 paucis
1011 3254 1130 3318 litteris
1148 3254 1294 3342 compreb

271 3357 387 3442 dendo,
411 3365 444 3425 et
467 3359 658 3448 plerumque
681 3367 814 3448 propter
830 3358 1062 3446 intelligentiae
1077 3358 1196 3438 lucem,
1214 3379 1294 3428 nonr

278 3891 456 3963 ·(llbege,si
469 3890 612 3965 caedualla
625 3889 780 3948 huidsstmi·
831 3910 852 3946 st
884 3888 1123 3958 chrysostomum,
1154 3901 1173 3940 s.
1202 3889 1294 3953 Gregor

267 3978 301 4030 lla
324 3982 467 4034 testimonla
488 3984 594 4033 Patrum
616 3983 685 4046 apud
706 3982 782 4032 Peta-
833 3977 1121 4043 nyssenum,Basllium
1131 3975 1294 4025 seleucienser

274 4069 344 4117 vtum
357 4064 390 4118 dc
405 4063 556 4121 tributu.
573 4057 600 4116 2.
613 4080 636 4118 c.
648 4063 729 4119 7-ubi
739 4066 782 4115 al·
835 4063 1079 4128 Amphilochium.
1089 4060 1216 4110 loannem
1234 4059 1294 4110 daur

267 4155 336 4216 legat
355 4153 421 4202 inter
441 4157 542 4205 ceteros
556 4165 577 4202 s.
596 4151 782 4218 Epiphaniam,
835 4154 956 4200 numetc·

270 4254 291 4289 s.
299 4239 480 4304 Augusteum,
489 4240 615 4292 Isidorum
624 4237 783 4303 pelusiotun,
