2820 4890
459 317 648 384 -223-

79 470 152 514 eam
175 445 356 532 dogmatice
383 442 616 510 decernendam
636 444 749 508 baberi
773 443 1029 526 fundamentum,
1047 448 1094 513 ita

62 563 136 620 tuto
154 553 257 640 possit
273 550 420 617 Ecclesia
437 570 496 614 seu
512 571 665 615 romanus
678 549 828 615 Pontifex
844 551 924 616 hanc
941 550 1095 617 dirimere

51 657 275 724 stroversiam.
290 655 377 720 Talis
393 664 441 718 est
454 655 630 733 conclusio,
644 653 794 741 adquam
810 655 1016 721 evincendam
1023 664 1095 726 „tota

51 786 83 830 ec
108 761 301 829 lucubratio
316 768 438 838 nostra,
456 760 562 846 qualis
586 759 714 824 demum
730 781 870 845 cumque
893 783 931 827 ea
954 762 1013 841 sit,
1033 761 1098 826 col-

51 876 127 946 ent,
148 874 181 932 et
197 868 231 930 in
251 887 317 952 qua
333 864 479 944 tandem,
496 864 598 930 voluti
619 865 652 929 in
668 873 767 945 meta,
792 867 934 932 stadium
952 876 1100 933 nostrum
1194 908 1197 916 ·

51 973 132 1038 tensi
163 970 401 1036 iucundissime
425 969 699 1054 conquiescimus.

96 1077 198 1152 Quae
222 1093 319 1159 porro
343 1072 415 1137 heic
438 1079 601 1158 postremo
618 1071 687 1136 loco
704 1070 943 1137 subnectuntur
966 1094 1030 1138 non
1054 1079 1101 1138 at-

51 1187 145 1268 ¹gunt
168 1179 235 1243 nisi
253 1176 375 1242 variam
400 1176 679 1263 multiplicemque
702 1178 861 1243 rationem
884 1178 984 1244 huius
1006 1178 1100 1244 eden-

51 1308 67 1353 c
90 1282 320 1362 delinitionis,
345 1288 378 1346 et
405 1301 538 1345 caussas
568 1303 652 1368 quae
685 1289 723 1375 ut
749 1303 787 1347 ea
813 1281 941 1348 leretur
973 1305 1100 1350 movere

51 1394 164 1455 nunt.

354 1590 620 1665 CAPUT
668 1592 755 1663 vll.

164 1815 211 1862 DE
234 1813 340 1862 vante
363 1814 522 1861 nonnula:
547 1814 780 1862 uertutrtotus
805 1813 955 1862 RATlONE

100 2003 266 2085 Quamvis
284 2003 372 2069 omni
387 2003 621 2091 perspicuitate
636 2001 763 2090 fulgeat
779 2003 916 2082 veritas,
933 2024 1031 2090 quam
1047 1999 1102 2069 ad·
1175 2022 1317 2077 ntmcuttn

51 2110 213 2187 unimus,
233 2107 461 2173 nonnullorum
477 2114 582 2173 tamen
601 2109 724 2173 animos
743 2109 898 2195 cogitatio
916 2106 1001 2172 forte
1016 2107 1103 2173 solli-
1170 2094 1316 2215 l⁰⁸0l⁰⁵¹⁰⁸

51 2220 105 2296 ut,
132 2211 278 2279 arduum
300 2211 416 2291 videri,
437 2220 475 2277 ut
498 2211 560 2279 sub
584 2213 797 2278 anathematis
815 2211 1100 2292 interminatione,
1154 2169 1333 2290 qqqqqrqmsp-

51 2337 107 2407 que
129 2313 199 2380 sub
224 2314 392 2381 haereseos
415 2322 492 2382 uota
514 2314 710 2381 credendum
725 2313 761 2379 id
776 2320 993 2400 proponatur,
1013 2314 1103 2401 quod
1153 2307 1333 2392 b⁰¹lfl⁹⁰⁵³⁰l

51 2470 54 2484 .
67 2417 267 2487 seculorum
278 2424 398 2497 tractu,
411 2425 549 2505 postque
562 2427 610 2484 tot
621 2417 872 2505 disceptationes
885 2417 920 2483 in
936 2417 1103 2484 bominum
1199 2379 1281 2433 ‘mul‘

51 2523 153 2593 bitrio
165 2521 318 2588 relictum
330 2520 444 2588 luerit.
457 2524 581 2589 Verum
596 2534 826 2612 praeterquam
843 2524 931 2612 quod
943 2523 1104 2590 eiusmodi

51 2629 165 2720 aptio
182 2628 363 2694 communis
376 2635 425 2693 est
437 2634 485 2693 tot
500 2628 718 2714 dogmatibus,
739 2650 824 2717 quae
839 2630 968 2696 nonnisi
984 2631 1104 2711 serius,

51 2758 108 2803 um
120 2741 314 2824 putaretur,
330 2755 368 2799 ac
380 2733 538 2801 diuturna
550 2738 727 2822 praemissa
743 2736 982 2803 concertatione
995 2736 1106 2803 defini·

51 2846 148 2918 sunt,
158 2859 311 2925 quaeque
322 2839 455 2927 impune
467 2846 572 2918 antea,
582 2848 669 2906 sarta
680 2839 754 2919 fide,
763 2847 822 2905 aut
832 2840 1036 2928 negabantur
1048 2847 1110 2908 aut

64 2943 213 3011 dubium
230 2941 343 3008 saltem
358 2943 504 3009 revocari
521 2950 679 3033 poteraut,
693 2945 877 3010 cuiusmodi
894 2954 971 3010 sunt
989 2952 1022 3010 et
1033 2966 1107 3031 pro-

51 3049 119 3115 csio
141 3047 286 3134 Spiritus
311 3047 418 3112 Sancti
447 3048 544 3113 etiam
564 3069 584 3114 a
607 3049 710 3127 Filio,
728 3055 761 3113 et
784 3049 907 3134 gratiae
930 3049 1106 3114 necessitas

51 3153 157 3221 llidei
172 3153 324 3232 initium,
348 3161 382 3218 et
406 3152 560 3219 admissio
583 3153 623 3219 ad
649 3153 831 3220 beatificam
858 3155 1014 3221 visionem
1035 3176 1110 3220 con-

51 3279 108 3324 ssa
129 3256 301 3322 animabus
324 3257 416 3343 plene
433 3258 582 3342 purgatis
598 3259 745 3344 proxime
765 3265 838 3345 post
858 3258 995 3337 obitum,
1010 3257 1107 3322 aliae-

51 3356 141 3426 reid
163 3380 267 3445 genus
289 3359 444 3425 veritates
472 3359 561 3425 haud
587 3382 709 3447 paucae
721 3380 731 3444 3
756 3360 859 3426 altera
887 3362 1033 3447 suppetit
1055 3360 1109 3428 via

51 3485 88 3531 nt
111 3470 246 3551 optatus
268 3463 458 3529 obtineatur
480 3463 565 3542 linis,
582 3465 663 3551 quin
679 3465 876 3530 reluctantes
898 3464 1110 3530 anathematis

51 3588 126 3634 rena
136 3566 350 3646 mulctentur,
363 3575 421 3633 aut
435 3567 604 3633 haereseos
620 3576 695 3633 nota
716 3569 903 3634 inurantur.

109 3670 244 3736 Etenim
261 3670 436 3758 multiplici
451 3673 577 3737 ratione
589 3671 712 3737 firmari
732 3693 770 3738 ac
787 3671 916 3738 definin·
931 3669 1043 3758 aliqua
1056 3691 1111 3738 re
1164 3645 1349 3773 mfflffil

51 3781 103 3840 tas
122 3773 284 3840 catholica
306 3783 424 3864 potest,
445 3782 503 3841 aut
515 3779 627 3843 directe
642 3776 793 3844 videlicet
812 3784 870 3843 aut
886 3777 1044 3855 indirecte,
1060 3775 1110 3840 id-
1166 3798 1205 3842 ns
1219 3787 1348 3840 catholica

51 3902 85 3949 re
95 3901 219 3947 rursus
231 3888 290 3946 aut
301 3904 442 3971 copreae
453 3892 513 3950 aut
524 3889 627 3950 tacite.
640 3884 773 3950 Directe
784 3883 928 3972 quidem,
941 3904 1017 3950 cum
1029 3881 1114 3950 veri·
1178 3859 1337 3981 “eflffilff

51 4059 76 4113 aa·
99 4077 114 4114 c
134 4074 188 4115 coc.
208 4055 274 4114 Iesu
297 4059 548 4118 Cmammtariurc
601 4078 671 4118 ncnc
688 4064 806 4135 primum
823 4063 900 4118 novas
912 4061 1016 4117 additis
1028 4060 1115 4117 edno-

51 4143 125 4197 conc.
146 4142 272 4197 carrara
291 4143 449 4214 lterpomctc
464 4161 547 4199 cnar-
599 4145 743 4203 talionibus
755 4145 870 4202 adduce
886 4146 1022 4207 Vincentio
1034 4145 1116 4204 Geor·

51 4226 175 4309 Meteilus
190 4233 287 4285 moos
303 4234 329 4286 ct
345 4226 506 4303 illustratas,
519 4236 545 4287 ct
593 4233 651 4302 pto·
664 4236 758 4289 venet.
769 4228 848 4287 1801.
