2828 4904
98 415 185 484 Cum
207 417 285 482 baec
308 426 492 502 agerentur,
506 420 540 484 in
561 419 701 485 medinm
725 419 856 505 prodiit,
879 429 916 485 ut
938 421 1092 501 diximus,
1187 442 1330 504 neroniano

96 543 126 586 rs
150 521 301 584 acerrimi
324 521 444 606 ingenii
467 523 529 600 vir,
544 524 604 609 qui
627 524 661 588 in
677 523 732 588 illa
750 523 880 589 Scbolae
904 524 1095 595 sorbonicae,
1145 511 1224 561 ⁸⁰⁰⁰·

98 625 201 689 iensis
231 623 432 702 celebritate,
457 625 587 712 publica
613 648 711 714 quam
737 627 865 705 babuit,
891 629 940 694 nti
970 627 1091 710 lertur,

96 730 244 817 piatione
266 739 398 795 strenue
421 730 499 796 adeo
518 732 603 817 piam
623 735 811 798 sententiam
831 735 985 801 adversus
1008 739 1096 824 pari·

97 855 134 898 es
149 833 298 899 doctores
314 836 540 920 propugnavit,
554 844 592 901 ut
606 858 646 901 ex
663 836 719 902 illo
739 845 880 924 tempore
900 861 958 925 per
974 841 1096 925 gradus

96 937 118 1000 ti
140 935 297 1022 quosdam
320 936 502 1002 scholarum
525 936 592 1003 lere
616 940 758 1004 omnium
782 941 936 1026 suffragio
953 964 1097 1030 compro-

105 1035 218 1116 iuerit,
231 1038 473 1125 communisque
490 1038 582 1125 plane
598 1042 735 1106 evaserit
748 1039 802 1128 (l).
817 1041 911 1119 Quod
927 1063 1004 1109 vero
1019 1065 1098 1110 voco

96 1163 127 1206 rs
144 1142 354 1207 adstruxerat
371 1162 407 1206 ac
424 1141 651 1222 vindicaverat,
670 1145 698 1208 si
710 1146 760 1210 uti
775 1166 849 1210 vere
861 1144 939 1211 baec
951 1145 1096 1232 disputa-

96 1247 264 1312 urisiensis
281 1248 474 1325 admittitur,
488 1249 616 1335 scriptis
629 1249 725 1314 etiam
742 1248 855 1315 deinde
872 1250 1046 1336 praestitit,
1061 1251 1095 1316 in

96 1349 258 1413 neuteriis
271 1348 418 1415 videlicet
441 1350 511 1414 suis
525 1350 558 1414 in
574 1352 769 1438 Magistrum
791 1353 1022 1418 sententiarum
1039 1349 1092 1442 (2).

96 1472 176 1520 vero
201 1460 269 1517 tum
290 1453 324 1516 in
341 1451 471 1540 publico
494 1473 679 1539 congressu,
698 1462 768 1521 tnm
789 1456 824 1520 in
847 1455 1095 1523 Commentariis

96 1576 120 1620 n
136 1556 247 1624 'veluti
269 1556 372 1621 basim
401 1559 636 1623 controversiae
665 1559 741 1623 buic
772 1559 969 1638 substruxit,
994 1567 1095 1647 atque

96 1670 199 1727 menta
215 1663 286 1750 ipsa
302 1662 562 1728 adversariorum
575 1684 689 1750 magne
706 1685 746 1729 ex
763 1673 854 1752 parte
871 1667 904 1731 in
917 1687 986 1731 rem
1002 1687 1094 1733 snam
1189 1676 1191 1681 '

96 1768 179 1846 ertit,
205 1786 356 1856 quaeque
383 1759 407 1832 e'
429 1768 597 1853 Scriptura
620 1789 656 1834 ec
680 1770 832 1836 Patribus
855 1770 1094 1839 obiiciebantnr

96 1870 193 1936 rabili
220 1892 356 1958 prorsus
378 1872 501 1936 ratione
524 1870 680 1941 dissolvit.
708 1877 794 1940 llaec
816 1874 931 1940 idoneo
953 1874 1022 1940 loeo
1045 1875 1093 1940 dis

96 1997 199 2041 emus.
237 1978 370 2042 interim
403 1975 685 2043 animadvertimus
708 1999 747 2045 eo
770 1980 902 2046 Scotum
937 1986 1092 2046 successu

110 2080 309 2144 sententiam
332 2098 560 2164 propugnasse,
585 2085 622 2143 nt
645 2099 713 2143 enm
735 2078 865 2146 iamiam
881 2079 1091 2146 collabentem

96 2367 514 2436 rpoenslitetibnsbutnsrttoedn·
566 2368 655 2424 nens
687 2363 802 2435 Vinion
825 2363 879 2432 snit
897 2363 930 2420 ab
952 2366 1083 2437 oriqinoli

96 2454 265 2523 ,quasbeata
276 2454 433 2518 virgopossa
444 2462 515 2526 esne
568 2453 647 2524 culpo
664 2448 830 2519 immonis,ct
848 2449 1007 2520 iprnMoter
1023 2455 1080 2507 cine

96 2540 158 2591 ione
172 2540 255 2588 carnis
264 2544 393 2590 contracta
403 2541 427 2591 vt
439 2547 515 2593 natu·
573 2537 662 2607 Virqo.
685 2535 853 2591 Credendum
865 2541 902 2591 est
915 2537 994 2608 enim,
1005 2539 1079 2609 qnod

96 2623 255 2689 metationis,
268 2637 298 2672 ex
308 2625 466 2685 generalibus
479 2626 514 2678 el·
566 2637 633 2679 novo
642 2619 855 2690 sanctificationis
861 2635 969 2691 ponere,
977 2621 1007 2675 in
1023 2624 1080 2679 ctos

96 2709 224 2772 cripturac
233 2712 258 2756 et
267 2720 300 2757 ss.
313 2709 428 2776 Petrum,
440 2715 466 2760 et
483 2724 514 2760 ex
566 2706 741 2776 conceptionis
779 2705 926 2774 primordio
961 2704 1079 2776 Spiritus

96 2789 234 2842 tes-Christi
257 2789 513 2860 Redemptoris,nibil
568 2788 681 2845 Sanctus
707 2803 766 2842 eom
783 2800 802 2839 a
818 2793 927 2856 peccato
950 2788 1080 2856 eripienti

96 2875 231 2940 [eominus
250 2874 374 2925 sententia
392 2890 412 2925 s.
430 2877 527 2927 Bona-¹
564 2875 627 2944 (non
636 2873 707 2942 qnod
716 2871 806 2941 insuit,
814 2871 861 2924 red
870 2871 942 2942 qnod
950 2871 1077 2942 infuisset)

96 2957 514 3024 readSchotesticorumprincipia
565 2956 695 3024 redemit,
719 2959 799 3023 otqnc
824 2953 960 3023 sinentari
986 2957 1079 3025 pratia

96 3038 146 3093 ,nte
159 3042 274 3105 exposite
285 3049 429 3094 revocetur.
440 3045 515 3095 cete·
562 3039 759 3112 praeservavit.
770 3043 840 3091 llaec
852 3043 872 3090 si
885 3041 1001 3092 conteras
1018 3056 1076 3093 eum

96 3125 225 3189 trophicus
242 3127 338 3177 Ductor
351 3127 375 3176 in
388 3128 513 3190 posterio-
566 3130 641 3177 entec
653 3125 726 3176 dietis
741 3126 772 3174 de
782 3125 881 3175 diverso
892 3139 965 3177 sensu
976 3127 1077 3177 Schola-

96 3209 184 3274 crlptis
202 3211 254 3259 suis
266 3213 323 3274 piae
334 3213 437 3262 omnino
456 3226 515 3262 sen·
570 3211 729 3276 eticorum,et
740 3214 906 3272 patronorum
914 3210 970 3272 pice
981 3216 1084 3263 senten·-

109 3295 278 3359 adstipuletns
290 3300 337 3346 est:
351 3310 383 3346 en
392 3296 446 3345 eius
459 3309 512 3345 ver·
569 3295 629 3360 tiae,
639 3294 733 3357 patebit
751 3307 826 3356 quarn
844 3293 908 3342 bene
920 3293 996 3361 simul
1014 3309 1075 3364 con-

96 3371 514 3446 erm.2debeataVirgineMaria,
568 3372 1080 3443 gruant.Preetereo,utvidebimus,s.lto·'

96 3463 168 3526 ,eins
186 3478 245 3527 opp.
264 3467 324 3514 edit.
338 3467 412 3516 Rom.
432 3459 510 3530 1596,
566 3469 704 3513 naventuro
718 3467 806 3510 euctor
820 3463 868 3511 tuit
881 3463 969 3512 Ordini
981 3476 1037 3526 sno,
1047 3469 1075 3512 nt

96 3543 129 3615 t9,
138 3540 224 3598 col-2.
238 3545 512 3615 Dominanortrosnit
565 3547 658 3598 testum
670 3546 811 3596 celebraret
824 3546 999 3596 immaculatae
1015 3547 1073 3597 Vir·-

96 3628 192 3697 qrntio
212 3629 400 3697 praeveniente
417 3628 445 3680 in
463 3644 519 3682 sno»
566 3632 629 3693 ginis
641 3630 827 3691 conceptionis.

96 3711 223 3781 notum,
242 3725 351 3766 cnam
371 3725 513 3766 senices
602 3710 636 3780 (1)
666 3715 704 3763 Dc
721 3716 769 3763 boo
786 3711 1075 3776 celebridisputatione

96 3809 514 3851 enrarmconrnaronnrra·
566 3803 651 3861 posteo
671 3798 806 3862 loquemur
828 3804 930 3861 agentes
952 3799 1073 3848 adversus

96 3895 265 3938 marcenls
291 3897 413 3951 coenon,
430 3897 512 3952 quom
564 3884 714 3934 launoium.
1014 3934 1017 3939 ,

96 3966 177 4021 ciunt
195 3981 232 4020 cc
242 3968 411 4036 corruptione
431 3970 513 4022 noto·
598 3959 634 4035 (2)
651 3965 687 4020 ln
699 3965 716 4020 3
729 3964 802 4021 Sent-
815 3964 877 4018 ἀίει.
890 3961 914 4023 3,
923 3978 950 4031 q.
961 3960 987 4029 t,
1001 3964 1068 4027 opp.

96 4049 119 4104 ri
128 4048 245 4120 speciali
253 4049 348 4117 pretia
355 4053 511 4118 moerente,
563 4052 622 4102 edit.
636 4052 716 4114 Lugd.
729 4044 806 4103 1639.
819 4049 891 4100 Tomi
902 4048 959 4113 Vll,
972 4050 1037 4110 pert.
1048 4048 1070 4113 t,

96 4132 335 4204 nmcqnefninct.
348 4131 507 4191 Sotnscnim
559 4130 748 4203 precipere,

882 4216 903 4279 2
