2828 4904
90 615 138 668 Est
151 614 182 669 de
189 619 236 688 fa·

61 693 102 767 eto
129 704 179 739 non
203 689 235 741 de

58 769 127 811 ture.

753 307 906 374 ..8-

292 433 428 497 animam
442 431 545 517 gratia
557 426 772 494 senctificnnte
780 429 971 494 instructam
983 430 1240 495 eucontra.l)ixi
1253 440 1363 498 utrum

289 535 641 611 comtenminimeucro
653 554 693 597 nn
708 536 777 620 fieri
785 538 925 620 potuerit
935 526 985 597 vel
997 532 1142 616 debuerit3
1154 535 1313 620 siquidem
1326 538 1362 600 nd

288 638 488 724 propositum
500 635 579 700 mihi
591 635 694 715 finem,
708 643 745 700 ut
758 657 829 700 sum
840 633 1016 723 praefatus,
1025 644 1145 722 spectet
1157 639 1288 720 suctum,
1303 661 1362 703 non

286 746 345 805 ius.
370 741 460 804 Licet
483 746 590 805 nutem
613 738 733 805 iactum
755 741 789 805 in
811 740 946 805 materie
967 740 1093 827 quade
1120 742 1229 826 agitur
1252 764 1269 805 a
1295 745 1364 806 iure

287 842 433 930 pendent,
451 843 511 909 hoc
528 850 564 909 nt
581 843 620 909 nb
637 845 709 909 aliis
727 846 803 909 satis
816 866 992 933 expensum
1015 866 1153 924 assumo,
1172 866 1245 908 cunr
1271 845 1310 908 de
1330 867 1364 909 ee

287 948 414 1012 nonnisi
435 946 590 1014 indirecte
611 949 690 1013 mihi
707 949 865 1035 agendum
886 950 943 1028 sit,
962 948 1088 1035 quando
1110 950 1144 1014 in
1160 948 1363 1014 fundamenta

285 1285 332 1339 dria
344 1295 370 1339 et
382 1291 495 1353 corporis
512 1286 719 1342 immortalitate.
730 1291 794 1339 Per·
847 1286 881 1341 iis
891 1289 1016 1349 institiaeq
1026 1301 1077 1357 per
1087 1285 1297 1358 qucmooluutos
1305 1284 1364 1341 suir-

283 1375 349 1427 carn
358 1377 453 1439 primus
464 1378 558 1426 homo:
577 1389 675 1440 suoque
691 1380 794 1439 pmcuto
848 1372 960 1428 dedatur
975 1373 1040 1443 Deo,
1049 1371 1209 1444 estsormeie
1220 1373 1250 1425 io
1259 1377 1364 1442 peccato

283 1461 409 1528 praedicta
419 1461 535 1512 sublimia
546 1462 612 1511 dona
624 1462 706 1512 amisit
715 1461 798 1512 omnia
851 1456 987 1527 originali.
1008 1462 1034 1512 S.
1047 1472 1109 1512 uero
1122 1459 1257 1510 duselmus
1277 1459 1303 1509 in
1320 1459 1362 1508 lib.

286 1548 312 1593 et
325 1543 380 1610 sibi,
392 1549 418 1593 et
429 1549 535 1594 naturae
548 1545 573 1594 in
587 1545 794 1610 necromantem
850 1539 889 1594 De
916 1540 1047 1611 Conceptn
1070 1539 1172 1609 Virqin.
1192 1548 1217 1590 et
1237 1537 1366 1607 orn'qioali

283 1633 309 1678 et
327 1625 418 1678 exilio
440 1618 631 1694 propagandae}
652 1630 796 1693 diciturque

279 1717 415 1779 peecatum
429 1714 548 1766 suumin
566 1719 681 1777 posteros
704 1727 791 1764 omnes

280 1809 451 1864 propoqosse.
469 1795 540 1848 Adae
560 1798 792 1861 peccatumdunlex

281 1878 483 1946 conscientem
495 1878 643 1935 huldonis
655 1885 719 1934 lllud
732 1897 794 1934 cou-
808 1946 810 1948 q

281 1964 346 2035 sistit
359 1964 383 2013 in
397 1963 497 2016 actione
508 1963 653 2033 (laodiceo,
666 1968 794 2029 pertinet·-

280 2048 330 2114 imi
344 2051 374 2099 ed
384 2064 535 2117 personam.
548 2041 661 2100 Positum
676 2053 740 2101 istud
753 2057 792 2101 ost

278 2136 303 2184 in
312 2135 463 2202 privatione
474 2135 583 2202 oratioe
595 2133 792 2203 sanctificantis,

277 2232 307 2270 ac
324 2222 492 2272 subiectionis
513 2236 572 2285 erge
592 2223 684 2288 licum,
700 2224 721 2272 si
733 2234 790 2286 pars

276 2307 331 2357 eius
346 2307 478 2370 praecipua
491 2320 521 2356 nc
532 2307 611 2357 ueluti
620 2307 711 2374 forino
722 2320 789 2357 con-

276 2392 411 2444 sideretur:
424 2394 542 2458 itemque.
558 2393 583 2443 in
595 2389 789 2443 deordinetione

276 2473 424 2527 facultatum
434 2483 462 2528 et
473 2478 575 2542 virium,
585 2481 611 2526 et
623 2477 791 2541 partiumluo-

275 2560 358 2626 minis‚
376 2562 396 2610 si
408 2562 440 2611 de
452 2557 590 2612 materiali
606 2562 716 2625 quodem
728 2575 791 2629 pec·

275 2644 325 2692 cati
335 2645 449 2695 subiecto
458 2651 549 2709 agatur
565 2666 586 2695 n.
594 2647 690 2697 Deinde
699 2659 752 2711 cap.
760 2642 795 2699 59

274 2728 416 2778 doctrinam
427 2731 503 2779 ‚hanc
521 2732 628 2781 adstruit
646 2745 676 2781 ex
689 2745 709 2781 s.
721 2733 791 2782 Tho·

275 2827 325 2882 uta,
351 2820 377 2864 et
398 2828 418 2864 s·
440 2815 571 2866 dnselmo.
584 2817 638 2867 Nes
656 2816 789 2868 breuitatis

276 2898 355 2960 gratia
363 2913 444 2950 unum
455 2905 504 2949 eut>
517 2901 625 2952 alterum
634 2917 666 2953 ex
678 2908 789 2965 utroque

274 2981 386 3032 Doctore
398 2985 570 3036 testimonium
584 2985 728 3037 sileremus.
739 2989 790 3036 ltn-

274 3079 325 3128 qne
337 3064 476 3129 Angelicus
488 3067 591 3130 Qunest.
606 3069 642 3118 lV
655 3068 688 3120 de
710 3066 786 3121 Maio

273 3151 409 3201 clarissime
423 3151 486 3202 haec
496 3155 573 3202 verba
584 3153 668 3203 habet:
691 3150 786 3203 Perco-

274 3237 330 3285 tum
346 3232 479 3300 orioinaie
499 3233 528 3288 in
548 3233 598 3287 doc
615 3232 721 3288 homine
745 3233 787 3287 vel

273 3312 320 3366 iilo
338 3313 408 3368 oilril
426 3315 503 3368 aliud
525 3322 561 3369 est
574 3331 655 3386 quam
667 3315 790 3385 concupi·

274 3398 373 3451 scentia
383 3414 443 3453 cnm
454 3401 573 3453 carentia
589 3399 733 3467 oriqineiis
745 3401 787 3454 iu·

273 3483 544 3539 stitioe.1tatemeo
568 3487 641 3556 quod
664 3486 784 3538 carentia

273 3564 415 3633 oriyiooiis
423 3568 783 3639 iustitriccestqnasisorma-

272 3655 297 3708 le
320 3655 638 3724 illuminatissimum
661 3655 786 3723 concupi-

272 3742 371 3794 scentia
380 3745 418 3792 cst
426 3740 508 3811 quasi
516 3738 664 3794 materiale.
674 3743 742 3804 Ergo
756 3755 787 3790 ex

273 3840 295 3876 s.
309 3828 417 3876 lloctore
429 3825 542 3875 formulis
554 3828 620 3875 ratio
630 3826 725 3888 peccati
738 3825 786 3873 ori-

273 3910 360 3970 ginalis
380 3909 407 3958 in
420 3911 472 3959 sola
482 3910 594 3959 iustitiae
606 3910 733 3972 originalis
742 3923 785 3958 ca-

272 3997 364 4060 rentia,
373 4010 417 4045 seu
427 3997 570 4059 privatione
581 3996 705 4045 consistit.
716 3996 748 4044 lit
761 3996 785 4043 in

273 4073 384 4129 Summo
402 4074 429 4129 1.
438 4071 466 4128 2.
477 4075 510 4142 (i.
523 4069 566 4128 82.
584 4093 621 4128 ar.
634 4074 661 4129 3.
680 4081 704 4128 in
714 4092 785 4140 corn.

275 4159 321 4215 Sic
333 4177 415 4231 eqo,
429 4164 526 4230 inquit,
537 4161 656 4232 privatio
665 4160 787 4230 onicinu-

846 1630 952 1696 peccoto
970 1633 996 1678 et
1016 1629 1068 1691 ipse
1098 1627 1231 1677 constituit
1248 1631 1363 1676 naturam

844 1713 952 1780 peccati,
970 1716 1096 1777 quotenus
1119 1712 1240 1776 originale
1258 1721 1321 1777 est,
1339 1713 1361 1762 in

844 1795 964 1850 carentia
972 1811 1015 1849 seu
1027 1789 1177 1864 privatione
1187 1795 1308 1849 iustitiae
1319 1810 1362 1859 oet

847 1882 921 1933 Adae
932 1883 1030 1947 lapsum
1045 1883 1156 1946 inducta3
1174 1882 1209 1930 sic
1221 1882 1290 1931 enirn
1303 1882 1363 1932 scri-

843 1965 879 2014 bit
898 1979 952 2028 cap.
972 1959 1007 2015 23
1025 1964 1056 2014 al·
1077 1958 1121 2013 21.
1138 1983 1148 2007 s
1165 1963 1209 2012 list
1226 1966 1361 2031 peccatum

845 2065 863 2102 a
872 2054 972 2102 outirra
984 2043 1056 2102 etesi
1066 2051 1201 2117 peccatum
1214 2060 1360 2115 apersooo.

846 2138 935 2200 ltaque
944 2138 1012 2200 quod
1026 2140 1064 2186 est
1076 2141 1315 2198 ammonemus
1327 2135 1360 2184 di-

842 2223 865 2270 ci
883 2217 1029 2288 personale:
1043 2221 1113 2284 quod
1126 2226 1237 2287 auterno
1253 2225 1358 2284 neruo,

840 2303 983 2370 naturai03
1004 2307 1073 2370 quod
1099 2306 1192 2355 dicitur
1220 2301 1361 2369 criminale.

841 2393 874 2442 Et
886 2393 953 2444 sicut
965 2405 1072 2456 persona
1085 2392 1173 2442 transit
1191 2391 1222 2440 ad
1235 2397 1361 2456 nutrirem,

843 2478 877 2527 ite
902 2479 1019 2529 naturale
1040 2479 1071 2529 nd
1093 2489 1226 2540 personam
1241 2497 1252 2520 n
1268 2477 1359 2526 Deinde

843 2562 912 2613 hisee
933 2561 1070 2627 explanatis
1088 2559 1185 2612 subdit:
1207 2580 1218 2605 α
1242 2559 1361 2611 similiter

846 2647 875 2696 til
887 2645 915 2699 in
933 2643 1105 2716 infantibuse
1122 2659 1258 2696 converso.
1268 2648 1359 2707 Nempe

844 2733 913 2795 quod
935 2732 1022 2782 inillis
1042 2746 1095 2782 non
1114 2735 1152 2781 est
1170 2731 1277 2795 iustitia,
1289 2741 1359 2793 quam

843 2819 937 2867 debent
946 2818 1050 2886 habere,
1062 2827 1114 2867 non
1125 2817 1174 2866 hoc
1187 2814 1249 2865 iecit
1263 2816 1360 2864 illorum

841 2899 966 2953 colonias
976 2900 1134 2969 personetis
1144 2902 1209 2950 sicut
1229 2902 1255 2950 in
1269 2899 1360 2962 Adam3

845 2986 888 3036 sed
901 2989 1002 3051 effestos
1013 2982 1155 3039 naturalis
1166 2999 1243 3049 qrram
1257 2987 1308 3048 ipsa
1320 2998 1360 3034 na·

841 3074 896 3118 tura
907 3069 1003 3131 accepit
1011 3069 1043 3117 ab
1054 3065 1146 3117 ddum.
1156 3070 1183 3117 ln
1199 3066 1282 3117 ddern
1295 3081 1361 3117 uem-

845 3166 905 3217 qum
918 3157 989 3203 extra
1007 3166 1083 3216 quem
1096 3153 1128 3202 de
1148 3150 1309 3215 illainaturr)
1326 3152 1361 3199 ol-

840 3236 874 3284 hil
887 3241 958 3301 erat,
978 3239 1018 3286 est
1038 3232 1143 3286 nudato
1159 3232 1274 3298 institia,
1288 3246 1358 3298 quan

842 3319 969 3369 halrebet.
982 3351 988 3366 .
1000 3349 1006 3365 .
1017 3316 1059 3367 Sic
1071 3316 1185 3379 spoliarit
1198 3331 1307 3379 persons
1318 3329 1358 3365 ne·

842 3407 924 3452 turem
934 3404 1002 3451 bono
1015 3401 1124 3450 iustitiae
1135 3402 1159 3449 in
1171 3398 1268 3450 Adam:
1280 3407 1306 3451 et
1317 3414 1357 3450 na·

839 3493 894 3537 turo
918 3502 995 3548 egens
1015 3487 1081 3536 iacta
1103 3499 1190 3535 ornnes
1217 3501 1355 3550 personas,

836 3585 897 3634 qrras
907 3573 961 3633 ipso
979 3570 1010 3619 de
1022 3583 1049 3618 se
1061 3575 1185 3632 procreet,
1198 3570 1288 3618 eudem
1302 3582 1357 3631 ege·

840 3652 1358 3720 suropocccor'eeserinimimicus-er

841 3754 864 3789 c.
876 3734 918 3792 27:
932 3733 990 3790 Hoc
1000 3746 1135 3806 peccatum
1148 3736 1221 3804 quod
1241 3735 1356 3804 oriyr'no·

837 3821 862 3876 Ic
875 3821 944 3887 dico,
957 3819 1034 3875 aliod
1052 3815 1201 3886 inteiliqere
1213 3833 1315 3887 nequeo
1332 3818 1357 3869 io

837 3904 935 3958 eisdem
951 3901 1107 3972 insontibus,
1116 3900 1167 3953 nisi
1181 3900 1267 3968 iissem
1280 3913 1359 3968 quem

837 3990 1018 4060 supraposui,
1029 3990 1129 4056 sectam
1144 4000 1193 4055 per
1205 3985 1359 4038 inobedire-

838 4075 904 4128 tiem
913 4071 991 4126 Adae
1003 4068 1121 4126 iustitiae
1133 4067 1237 4122 debitae
1254 4068 1360 4121 nudita-

840 4165 899 4212 torti.
