2774 4906
490 325 534 342 ...
558 292 602 360 33
623 301 667 342 .·.

109 415 187 479 Cum
203 412 308 497 igitur
324 410 402 474 haec
416 410 595 475 testimonia
609 409 804 476 universalia
817 411 892 488 sint,
902 432 1007 498 neque
1020 411 1118 478 ullum

61 518 209 583 admittant
224 515 455 601 exceptionem,
466 516 539 579 iure
557 514 738 600 meritoque
757 512 909 593 infertur,
923 515 973 580 lais
993 514 1119 581 benum

56 619 1122 711 qnoqueVirgineminrolvi3secusenimnutarevidereturutrum-
1193 670 1196 676 .

10 776 12 781 .
53 745 101 811 que
112 724 238 810 dogma,
245 730 315 786 tum
326 721 366 785 de
378 721 554 787 universali
567 721 735 807 originalis
747 721 862 807 culpae
879 722 912 786 in
924 742 1034 788 omnes
1046 741 1120 808 pro·

10 784 18 889 l
52 828 219 917 pagatione,
232 834 303 891 tum
315 826 354 890 de
367 826 544 892 universali
563 825 707 890 omnium
723 832 756 890 ot
775 825 977 912 singulorum
996 825 1119 892 redem-

51 932 212 1022 ptione.Ab
225 930 364 997 hisvero
376 930 531 995 catholica
544 929 622 995 fides
634 928 901 996 abhorretNulla
915 938 1024 996 autem
1035 931 1120 997 ratio

10 1056 17 1141 q
52 1045 295 1127 apparet,quare
308 1038 344 1103 B.
354 1036 455 1122 Virgo
468 1035 567 1101 eximi
580 1058 598 1100 a
611 1033 693 1100 labis
705 1035 914 1122 primigeniae
931 1036 1120 1122 contagione

12 1146 19 1237 ξ
52 1143 150 1231 possit,
169 1142 252 1229 quin
268 1149 373 1207 tamen
389 1140 496 1227 excipi
513 1138 623 1204 eadem
639 1139 763 1204 ratione
783 1147 903 1226 queant
926 1140 982 1206 alii
998 1139 1121 1205 Christi

12 1242 21 1313 i:
49 1246 273 1334 progenitores,
286 1252 325 1309 ut
339 1243 595 1309 ratiocinabatur
611 1265 637 1307 s.
656 1243 842 1309 Bernardus
859 1244 892 1307 in
908 1243 1044 1330 epistola
1060 1264 1120 1309 sna

10 1358 21 1411 ,ἰ
49 1349 76 1416 ad
90 1348 265 1416 canonicos
289 1346 517 1433 lugdunenses3
541 1345 684 1433 adeoque
708 1345 799 1412 aditu
823 1345 921 1411 semel
944 1345 1043 1412 alicui
1066 1367 1121 1412 ex-

15 1464 19 1469 ·
48 1452 177 1541 ceptioni
195 1449 367 1540 patefacto,
381 1451 446 1514 iam
461 1448 572 1537 plures
590 1471 627 1514 ao
643 1450 754 1538 plures
770 1449 811 1515 ab
828 1450 884 1515 illa
905 1448 1120 1517 contrahenda

10 1574 22 1625 t
51 1556 143 1622 ordis
161 1554 290 1642 peccati
306 1553 374 1640 lege
390 1555 549 1618 immunes
565 1553 678 1622 haberi
692 1562 834 1640 possent.
857 1556 899 1622 Ut
921 1553 1065 1640 legitime
1081 1553 1121 1622 de

49 1661 75 1725 l.
90 1659 233 1746 Virgine
256 1658 417 1745 exemptio
440 1658 704 1736 constitueretur,
729 1678 858 1722 necesse
881 1659 1010 1723 omnino
1033 1656 1117 1724 ieret

10 1784 14 1818 ς
48 1761 178 1850 aliquem
206 1757 365 1824 biblicum
388 1764 513 1823 textum
542 1768 666 1823 certum
689 1759 885 1846 minimeque
913 1759 1061 1839 dubium,
1086 1760 1119 1824 in

10 1897 15 1906 ·
49 1876 102 1951 quo
116 1863 202 1929 haec
214 1861 463 1949 exprimeretur,
477 1859 634 1948 proferre.
647 1861 749 1948 Atqui
761 1861 814 1926 hic
825 1862 957 1949 quidem
970 1883 1032 1929 non
1045 1881 1122 1948 sup

47 1968 122 2054 petit.
142 1967 306 2055 Sequitur
321 1963 455 2051 proinde
468 1965 628 2031 communi
642 1967 848 2055 generalique
861 1967 931 2055 lege
943 1969 1116 2056 Deipareur

10 2102 14 2110 ·
49 2069 277 2160 comprehendi.

10 2378 20 2417 ‚p
130 2382 133 2387 ·

10 2420 19 2541 j
48 2454 244 2503 snncronum
261 2451 400 2501 aurnum
418 2451 529 2517 droun
546 2455 761 2502 susurronum
779 2454 1119 2505 nccnnsrasrrconum

14 2554 17 2579 ³
169 2555 382 2605 nnsrrrnorun
409 2556 498 2619 Quae
528 2559 705 2607 vrnnrrnun
734 2557 985 2608 immacuurlran

10 2638 15 2810 q‘
99 2718 101 2723 ¹
205 2637 213 2646 ”
263 2661 432 2720 ,νιιωικιε
449 2640 677 2727 conuerrioru
694 2662 886 2731 nnvnnsnna

123 2852 299 2916 Innumero
328 2871 429 2939 prope
456 2850 646 2917 Sanctorum
673 2861 830 2931 veterum,
860 2853 1122 2942 scriptorumque

41 2951 327 3018 ecclesiasticorum
343 2953 535 3034 testimonia,
549 2976 623 3023 curn
639 2957 788 3042 quaestio
811 2957 948 3022 maxime
970 2954 1120 3036 ferveret,

43 3056 160 3140 prolata
178 3057 212 3121 in
229 3056 371 3121 medium
388 3065 474 3136 sunt,
492 3081 576 3145 quae
592 3059 665 3149 piae
682 3060 857 3125 sententiae
875 3059 1039 3129 adversari
1056 3081 1121 3126 om·
1161 3139 1163 3142 y

43 3157 111 3222 nino
135 3157 337 3224 viderentur.
361 3159 398 3223 ln
420 3159 509 3225 hisce
532 3159 719 3247 colligendis
736 3158 909 3227 Bandellus
932 3161 1051 3227 enituit
1067 3158 1121 3249 (ll,

71 3355 102 3420 (ll
121 3359 260 3409 Bandellus
278 3375 292 3408 a
310 3361 466 3418 Castronoro
485 3359 550 3411 Ord.
602 3363 744 3413 adversam.
757 3363 828 3414 Haec
840 3349 916 3428 opere
925 3368 1026 3413 mature
1038 3364 1121 3427 impu·

43 3442 150 3517 Praedic.
160 3444 282 3506 Magister
295 3447 418 3507 generalis
428 3445 550 3496 xxxvn
603 3452 678 3510 gnate
690 3461 719 3496 ae
730 3448 839 3498 refutata
855 3453 914 3498 sunt
924 3462 938 3497 a
948 3449 1062 3499 lieberto
1070 3449 1122 3499 Ga-

42 3540 84 3575 ann
98 3520 179 3594 1470,
187 3529 212 3576 in
223 3534 298 3578 tract.
308 3526 349 3578 De
358 3526 492 3596 singulari
496 3541 548 3596 pu·
603 3531 818 3594 gutnoTrinitarii
830 3532 893 3580 ord.
907 3531 1026 3582 Ministro
1043 3544 1121 3595 gene-

42 3609 113 3662 reate
125 3615 154 3664 et
160 3611 357 3680 praerogativo
371 3609 551 3681 Conceptionie
601 3615 659 3681 rati,
669 3616 712 3680 qui
721 3613 810 3666 floruit
820 3611 1123 3679 amtt1803acaroio1³em

45 3690 143 3748 Cdricti
152 3697 259 3761 aliisque
270 3698 408 3764 opusculis,
417 3698 550 3748 acerbissi·
601 3700 686 3749 nando
695 3701 819 3750 monacho
828 3700 990 3750 benedictino
1000 3695 1122 3769 antt9tl,

42 3791 76 3828 me
87 3781 203 3830 invectus
211 3786 252 3830 eet
261 3782 286 3832 in
296 3782 448 3832 immaculati
457 3783 551 3833 conce·
603 3782 848 3841 alticl'flermtnier
858 3785 987 3847 parisiensi
994 3785 1124 3852 theologo,

43 3868 93 3923 ptus
115 3866 270 3916 sententiam
290 3870 319 3915 ut
339 3866 483 3933 absurdam,
503 3867 552 3917 im·
605 3869 1125 3933 altisqunnonpauorsmeindeostxtotv
1173 3868 1175 3871 ’

44 3947 112 4014 piem,
120 3949 454 4023 haereticamffliabolicpm,
463 3954 552 4020 utpote
604 3953 727 4003 indirecte
736 3955 824 4004 mitem
833 3953 984 4018 improbata,
993 3957 1124 4016 quatenus
1160 3965 1162 3979 ¹

42 4033 110 4083 saeris
142 4034 246 4100 litteris,
266 4033 395 4100 conciliis,
423 4035 554 4102 Patribus,
606 4048 685 4100 opere
693 4037 834 4087 adserentia
844 4034 997 4087 haereticam
1006 4049 1064 4087 esse
1072 4037 1127 4099 opi·

42 4114 206 4186 &tolutieiq
216 4116 312 4168 rationi
329 4119 431 4170 tandem
451 4130 554 4181 prorsus
608 4119 710 4173 aionem
722 4120 754 4171 de
766 4119 925 4170 immaculata
936 4118 1125 4183 Virginiscon·

886 4202 908 4267 3

1187 920 1296 988 Μῆτις)
1306 937 1351 973 ex-

1174 993 1224 1057 cipi
1235 995 1331 1060 nequit.

1188 4372 1336 4608 r
