2828 4904
310 430 471 495 tuitoaro
494 427 634 515 peccati,
658 425 733 493 licet
755 430 826 493 eius
853 432 957 497 anima
978 432 1105 518 speciali
1134 435 1302 524 privilegio
1326 439 1363 506 iu·

305 541 392 598 taeta
407 555 425 597 a
441 532 562 618 peccati
579 530 671 596 sorde
690 530 790 597 luerit
805 541 939 618 servata3
957 535 1005 598 uti
1026 544 1058 600 et
1077 545 1185 604 nostra
1207 562 1281 607 vere
1303 566 1363 630 pec·

306 638 371 702 cati
386 659 460 701 caro
475 635 605 728 dicitur,
622 637 767 721 quamvis
783 658 841 723 por
857 640 1105 722 regenerationis
1114 642 1286 709 ‚lavacrum
1300 669 1360 734 pec·

307 742 370 806 cati
391 739 516 805 macula
536 740 568 817 ip
591 761 628 803 ea
651 761 784 826 prorsus
806 739 907 806 luerit
929 741 1065 808 detersa.
1083 746 1192 824 Quum
1214 771 1292 815 vero
1313 751 1360 816 hu·
1404 792 1406 814 i

192 928 194 931 ι
308 843 447 909 iusmodi
469 841 659 907 beneficium
681 845 791 915 Patres
808 846 844 908 B.
866 845 993 930 Virgini
1016 868 1077 911 non
1100 847 1266 936 denegem,
1290 863 1363 940 patet
1403 877 1406 917 t

91 978 263 1043 mmmm,
308 947 437 1013 >nullum
459 946 574 1012 exinde
589 945 740 1013 adversus
756 948 841 1035 piam
857 951 1044 1015 sententiam
1060 963 1286 1038 argumentum
1306 979 1363 1044 pos·
1398 979 1406 1021 r

83 1051 188 1102 Panum
205 1045 264 1103 ter·
313 1074 347 1118 se
370 1051 496 1117 deduci.
514 1052 586 1130 Qua
609 1051 737 1116 ratione¹
753 1058 881 1138 praeter
904 1074 928 1117 s.
950 1057 1124 1139 Augustini
1146 1058 1245 1124 verba
1269 1069 1301 1124 et
1319 1062 1362 1125 illa
1389 1124 1392 1147 Ι

84 1120 126 1172 ”⁸⁰
233 1160 236 1167 '
306 1178 440 1244 quoque
463 1177 489 1220 s.
513 1155 691 1239 Fulgentii,
716 1176 741 1220 s.
769 1157 857 1221 Petri
879 1157 1041 1237 Dumium,
1069 1162 1207 1247 Ruperti
1237 1161 1362 1242 abbatis,
1387 1154 1406 1233 'tl

311 1268 392 1326 ets.
416 1258 560 1323 Anselmi
582 1257 742 1323 commode
776 1258 1000 1344 explicantur,
1024 1283 1042 1326 a
1070 1263 1190 1348 quibus
1212 1276 1365 1352 peccatum

313 1362 488 1450 improprie
507 1371 641 1427 vocatur
652 1362 922 1457 eoncupiscentia,
932 1366 1041 1449 quaB.
1058 1366 1201 1452 Virginis
1217 1390 1294 1434 caro
1307 1392 1367 1457 pro
1385 1272 1406 1458 ip

183 1469 186 1478 “
278 1480 282 1492 ’
308 1473 416 1533 creata
432 1473 490 1543 est,
514 1487 660 1552 quaeque
676 1487 694 1530 a
710 1487 734 1530 s.
751 1468 934 1551 Augustino
950 1476 1035 1533 recte
1058 1472 1125 1557 filia
1140 1483 1298 1560 materque
1306 1497 1365 1561 pec·
1389 1476 1406 1538 n

311 1576 377 1637 coti
397 1570 511 1636 dicitnr
526 1567 580 1657 (l).
596 1571 663 1634 Hoc
685 1571 763 1635 item
785 1591 881 1635 sensu
903 1570 1046 1638 davidica
1073 1575 1169 1640 verba
1192 1577 1366 1663 accipienda
1392 1591 1403 1655 l

312 1682 398 1754 sunt,
414 1695 496 1760 quae
511 1676 621 1739 Patres
638 1696 656 1738 a
672 1677 709 1739 B.
722 1675 855 1761 Virgine
869 1675 968 1741 veluti
983 1676 1105 1762 prolata
1120 1671 1285 1746 exhibent:
1301 1682 1367 1745 Ecce
1392 1693 1406 1766 l

240 1773 241 1778 ¹
310 1786 344 1846 in
365 1777 578 1865 iniquitatibus
600 1790 744 1866 concepto
764 1802 832 1844 snm
853 1793 882 1846 ct
903 1784 936 1846 in
954 1787 1088 1867 peccatis
1104 1790 1241 1871 concepit
1254 1808 1300 1850 rna
1313 1809 1368 1851 ano·
1390 1806 1406 1861 a

311 1897 357 1951 ter
378 1905 461 1958 neem
484 1881 643 1968 siquidem
665 1890 697 1948 et
719 1882 796 1948 haee
819 1883 857 1948 de
887 1885 1159 1970 eoncupiscentia,
1184 1909 1222 1952 ae
1246 1889 1368 1975 proinde
1390 1866 1406 1973 l

312 1988 351 2053 de
373 1987 495 2075 peccati
511 1986 618 2051 debito
632 1987 768 2072 intelligi
784 1985 877 2051 facile
892 1994 1035 2072 possunt.
1059 1989 1132 2066 Quo
1154 1990 1288 2075 quidem
1309 2013 1370 2079 pec·
1395 1982 1406 2061 ἰ

313 2101 384 2160 cato
406 2092 528 2156 ratione
551 2089 764 2176 generationis
787 2093 881 2155 etiam
897 2091 998 2176 Virgo
1020 2090 1150 2178 perlusa
1166 2091 1298 2174 fuisset,
1318 2096 1367 2160 nisi
1401 2125 1406 2166 ι

313 2195 385 2261 eius
415 2194 520 2259 anima
542 2191 697 2278 singulari
724 2193 784 2257 Dei
806 2190 976 2292 beneficio,
1006 2189 1243 2279 cumprimum
1267 2217 1364 2284 corpu-
1402 2220 1406 2283 p

280 2352 282 2356 .
313 2298 403 2373 ¹sculo
425 2298 566 2376 adhesit,
590 2302 816 2382 auteoccupata
839 2295 941 2380 gratia
963 2293 1088 2360 luisset.
1106 2297 1261 2375 Quinimo
1284 2321 1323 2364 ex
1340 2317 1367 2362 eo
1399 2330 1406 2373 fl

312 2400 399 2489 quod
409 2402 553 2486 Virginis
568 2401 672 2465 anima
684 2400 717 2463 in
732 2399 898 2463 sanctitate
911 2398 952 2462 sit
963 2398 1089 2463 condita
1106 2397 1115 2487 l
1124 2420 1164 2464 ex
1175 2422 1243 2487 quo
1260 2401 1368 2468 factum
1398 2432 1406 2482 p

313 2516 352 2572 ut
372 2508 449 2572 haec
471 2507 541 2592 ipsa
557 2506 707 2571 sanctitas
723 2525 796 2568 cum
811 2504 881 2568 eius
898 2525 992 2569 carne
1009 2526 1068 2568 suo
1090 2505 1231 2591 quodam
1251 2507 1369 2595 proprio
1397 2541 1406 2579 ι

314 2612 407 2678 modo
429 2605 530 2677 suerit
551 2606 804 2696 communicata)
826 2609 955 2674 illarum
982 2609 1156 2674 dictionum
1178 2612 1246 2678 vim
1269 2611 1369 2678 melius
1393 2638 1406 2679 ι

237 2733 262 2759 ’κ
315 2715 528 2803 assequimur,
545 2715 664 2802 quibus
672 2715 781 2779 Patres
803 2712 964 2779 interdum
987 2721 1195 2779 asseruerunt
1215 2715 1365 2801 Virginea

269 2809 272 2813 ⁴
315 2819 539 2897 emaculatum,
564 2817 780 2896 emundatam,
797 2826 1028 2905 purgatamque
1044 2817 1164 2896 luisse,
1189 2839 1253 2886 seu
1279 2825 1365 2885 totun

317 2924 388 2990 eius
409 2930 598 3013 suppositum
619 2921 773 2987 mundum
796 2929 1004 3008 sanctumque
1026 2920 1174 2986 effectum
1197 2918 1252 3008 (2)

320 3262 560 3336 onimopmriterce
571 3265 824 3334 sainctnnenlpoc,
876 3262 1035 3333 cupiscentio
1056 3263 1156 3332 onmis,
1173 3267 1303 3334 tanquam
1320 3260 1363 3334 filie

297 3369 299 3373 ¹
319 3365 382 3405 coro
394 3355 482 3405 antem
494 3349 527 3404 de
543 3365 571 3404 re
581 3364 633 3403 non
645 3347 739 3403 notent
751 3347 823 3419 qnod
874 3348 989 3418 peceati,
1006 3353 1033 3403 et
1050 3347 1159 3418 qnando
1175 3347 1220 3403 tili
1237 3349 1275 3404 od
1294 3347 1365 3420 tunt

320 3437 355 3491 cit
364 3433 616 3504 nonnnmeolpoe,
624 3433 757 3504 quidquid
765 3447 827 3502 pro·
878 3431 1047 3501 consentitur,
1057 3430 1136 3486 etium
1146 3437 1314 3503 peccatorum
1326 3443 1365 3487 nt

234 3503 243 3519 ⁶
283 3570 286 3574 .
319 3520 392 3576 venit
409 3520 442 3575 de
458 3518 828 3590 correptioneprinipceeati
878 3524 918 3572 tre
935 3516 1088 3586 multorum,
1105 3531 1287 3589 quaecumque
1303 3512 1368 3574 noel

320 3602 358 3657 od
366 3598 577 3672 animum,lrobct
586 3602 715 3655 rationem
723 3599 823 3670 cnlpae:
878 3603 923 3653 tar
946 3598 1047 3669 proles,
1065 3597 1194 3669 originali
1213 3606 1253 3656 cst
1271 3599 1370 3671 attinnt

248 3707 249 3712 ¹
319 3685 826 3759 mmmmmmmwmmm
879 3683 1368 3756 mmmfflmssmmwm,

321 3787 375 3826 non
398 3769 475 3826 dolet
495 3772 626 3826 rationem
646 3770 757 3841 cnlpae,
779 3771 825 3824 sed
879 3771 1023 3840 quentiae
1035 3770 1087 3824 icto
1104 3773 1314 3842 concupiscentia
1332 3770 1372 3830 nt·

320 3871 430 3926 poenae·
443 3854 581 3925 sicigitur
592 3857 681 3910 animo
693 3862 731 3909 est
742 3854 828 3910 entie—
878 3869 914 3924 po
926 3853 1051 3924 concepit:
1068 3861 1208 3925 propterea
1221 3859 1330 3928 quondo
1338 3867 1378 3911 nef

322 3947 392 3994 ctnm
400 3939 500 4009 peccati
512 3937 662 4009 originalis,
675 3952 728 3991 nen
739 3944 826 3993 antem
877 3939 916 3990 cci
926 3946 964 3992 cet
975 3938 1003 3990 in
1014 3952 1093 3992 corae
1111 3937 1249 4011 ignotos,
1260 3942 1317 3997 ciac
1325 3953 1372 4012 pec-

324 4039 395 4078 mo
880 4020 1179 4077 mmmmmm

360 4105 394 4173 (t)
406 4111 436 4160 ln
448 4110 492 4160 lib.
505 4106 530 4160 1.
542 4106 669 4178 Dennpt.
681 4112 706 4161 ct
718 4121 826 4177 concup.
915 4097 948 4172 (2)
959 4106 998 4158 Cl.
1011 4109 1127 4174 vasquez
1136 4110 1187 4160 loe.
1198 4101 1374 4164 cit.c.tl·etl2

330 4185 830 4247 ntentaunnmnnennm
898 4213 900 4219 -
925 4217 927 4223 .
1245 4200 1246 4203 ,
