<?xml version="1.0" encoding="UTF-8"?>
<!DOCTYPE html PUBLIC "-//W3C//DTD XHTML 1.0 Transitional//EN"
    "http://www.w3.org/TR/xhtml1/DTD/xhtml1-transitional.dtd">
<html xmlns="http://www.w3.org/1999/xhtml" xml:lang="en" lang="en">
 <head>
  <title>
</title>
<meta http-equiv="Content-Type" content="text/html;charset=utf-8" />
  <meta name='ocr-system' content='tesseract 3.04.00' />
  <meta name='ocr-capabilities' content='ocr_page ocr_carea ocr_par ocr_line ocrx_word'/>
</head>
<body>
  <div class='ocr_page' id='page_1' title='image "./deimmaculatobvm00perrgoog_0252.png"; bbox 0 0 2828 4904; ppageno 0'>
   <div class='ocr_carea' id='block_1_1' title="bbox 579 307 766 378">
    <p class='ocr_par' dir='ltr' id='par_1_1' title="bbox 579 307 766 378">
     <span class='ocr_line' id='line_1_1' title="bbox 579 307 766 378; baseline 0 -16"><span class='ocrx_word' id='word_1_1' title='bbox 579 307 766 378; x_wconf 54' lang='grc'><strong>,435-</strong></span> 
     </span>
    </p>
   </div>
   <div class='ocr_carea' id='block_1_2' title="bbox 96 423 1220 514">
    <p class='ocr_par' dir='ltr' id='par_1_2' title="bbox 96 423 1220 514">
     <span class='ocr_line' id='line_1_2' title="bbox 96 423 1220 514; baseline 0.004 -27"><span class='ocrx_word' id='word_1_2' title='bbox 96 423 308 490; x_wconf 77' lang='lat' dir='ltr'><strong>axissimas</strong></span> <span class='ocrx_word' id='word_1_3' title='bbox 333 428 500 514; x_wconf 87' lang='lat' dir='ltr'><strong>permittat</strong></span> <span class='ocrx_word' id='word_1_4' title='bbox 523 425 674 494; x_wconf 81' lang='lat' dir='ltr'><strong>habenas.</strong></span> <span class='ocrx_word' id='word_1_5' title='bbox 702 427 864 507; x_wconf 82' lang='lat' dir='ltr'><strong>Quidnam</strong></span> <span class='ocrx_word' id='word_1_6' title='bbox 890 427 939 490; x_wconf 89' lang='lat' dir='ltr'><strong>bis</strong></span> <span class='ocrx_word' id='word_1_7' title='bbox 963 446 1101 512; x_wconf 82' lang='lat' dir='ltr'><strong>egenen</strong></span> <span class='ocrx_word' id='word_1_8' title='bbox 1123 447 1220 512; x_wconf 91' lang='lat' dir='ltr'><strong>argu-</strong></span> 
     </span>
    </p>
   </div>
   <div class='ocr_carea' id='block_1_3' title="bbox 96 527 1283 3338">
    <p class='ocr_par' dir='ltr' id='par_1_3' title="bbox 96 527 1283 3338">
     <span class='ocr_line' id='line_1_3' title="bbox 96 527 1219 619; baseline 0.001 -26"><span class='ocrx_word' id='word_1_9' title='bbox 96 530 245 610; x_wconf 86' lang='lat' dir='ltr'><strong>mentis,</strong></span> <span class='ocrx_word' id='word_1_10' title='bbox 277 532 333 597; x_wconf 89' lang='lat' dir='ltr'><strong>sed</strong></span> <span class='ocrx_word' id='word_1_11' title='bbox 351 532 506 599; x_wconf 89' lang='lat' dir='ltr'><strong>conviciis</strong></span> <span class='ocrx_word' id='word_1_12' title='bbox 524 527 747 619; x_wconf 71' lang='lat' dir='ltr'>respondebo?</span> <span class='ocrx_word' id='word_1_13' title='bbox 764 533 831 596; x_wconf 91' lang='lat' dir='ltr'><strong>lluc</strong></span> <span class='ocrx_word' id='word_1_14' title='bbox 852 552 951 596; x_wconf 78' lang='lat' dir='ltr'><strong>unuln</strong></span> <span class='ocrx_word' id='word_1_15' title='bbox 969 549 1101 618; x_wconf 85' lang='lat' dir='ltr'><strong>nempe:</strong></span> <span class='ocrx_word' id='word_1_16' title='bbox 1120 531 1147 594; x_wconf 87' lang='lat' dir='ltr'><strong>si</strong></span> <span class='ocrx_word' id='word_1_17' title='bbox 1166 552 1219 595; x_wconf 86' lang='lat' dir='ltr'><strong>su·</strong></span> 
     </span>
     <span class='ocr_line' id='line_1_4' title="bbox 96 634 1218 724; baseline 0 -24"><span class='ocrx_word' id='word_1_18' title='bbox 96 635 352 722; x_wconf 84' lang='lat' dir='ltr'><strong>perstitiosum</strong></span> <span class='ocrx_word' id='word_1_19' title='bbox 375 644 425 702; x_wconf 87' lang='lat' dir='ltr'><strong>est</strong></span> <span class='ocrx_word' id='word_1_20' title='bbox 452 645 485 703; x_wconf 89' lang='lat' dir='ltr'><strong>et</strong></span> <span class='ocrx_word' id='word_1_21' title='bbox 512 638 611 703; x_wconf 89' lang='lat' dir='ltr'><strong>animi</strong></span> <span class='ocrx_word' id='word_1_22' title='bbox 635 659 698 702; x_wconf 90' lang='lat' dir='ltr'><strong>non</strong></span> <span class='ocrx_word' id='word_1_23' title='bbox 726 636 804 701; x_wconf 88' lang='lat' dir='ltr'><strong>satis</strong></span> <span class='ocrx_word' id='word_1_24' title='bbox 829 634 1029 724; x_wconf 83' lang='lat' dir='ltr'><strong>providentis</strong></span> <span class='ocrx_word' id='word_1_25' title='bbox 1058 634 1218 721; x_wconf 81' lang='lat' dir='ltr'>singulari</span> 
     </span>
     <span class='ocr_line' id='line_1_5' title="bbox 96 740 1283 829; baseline -0.002 -23"><span class='ocrx_word' id='word_1_26' title='bbox 96 741 282 829; x_wconf 75' lang='lat' dir='ltr'>prosequi</span> <span class='ocrx_word' id='word_1_27' title='bbox 310 741 429 808; x_wconf 80' lang='lat' dir='ltr'><strong>affectu</strong></span> <span class='ocrx_word' id='word_1_28' title='bbox 468 743 711 808; x_wconf 86' lang='lat' dir='ltr'><strong>immaculatum</strong></span> <span class='ocrx_word' id='word_1_29' title='bbox 744 740 904 828; x_wconf 88' lang='lat' dir='ltr'><strong>Delparao</strong></span> <span class='ocrx_word' id='word_1_30' title='bbox 932 742 1151 827; x_wconf 80' lang='lat' dir='ltr'><strong>Conceplurn,</strong></span> <span class='ocrx_word' id='word_1_31' title='bbox 1186 749 1219 804; x_wconf 87' lang='lat' dir='ltr'><strong>et</strong></span> <span class='ocrx_word' id='word_1_32' title='bbox 1280 775 1283 781; x_wconf 94' lang='lat'>·</span> 
     </span>
     <span class='ocr_line' id='line_1_6' title="bbox 97 844 1218 934; baseline 0 -26"><span class='ocrx_word' id='word_1_33' title='bbox 97 853 231 931; x_wconf 86' lang='lat' dir='ltr'><strong>optare</strong></span> <span class='ocrx_word' id='word_1_34' title='bbox 267 844 546 912; x_wconf 81' lang='lat' dir='ltr'><strong>vehementissime</strong></span> <span class='ocrx_word' id='word_1_35' title='bbox 564 853 662 934; x_wconf 89' lang='lat' dir='ltr'><strong>atque</strong></span> <span class='ocrx_word' id='word_1_36' title='bbox 679 845 776 910; x_wconf 91' lang='lat' dir='ltr'><strong>etiam</strong></span> <span class='ocrx_word' id='word_1_37' title='bbox 792 844 958 932; x_wconf 89' lang='lat' dir='ltr'><strong>postulare</strong></span> <span class='ocrx_word' id='word_1_38' title='bbox 978 852 1014 907; x_wconf 88' lang='lat' dir='ltr'><strong>ut</strong></span> <span class='ocrx_word' id='word_1_39' title='bbox 1031 866 1049 908; x_wconf 91' lang='lat' dir='ltr'><strong>a</strong></span> <span class='ocrx_word' id='word_1_40' title='bbox 1066 864 1218 931; x_wconf 89' lang='lat' dir='ltr'><strong>supremo</strong></span> 
     </span>
     <span class='ocr_line' id='line_1_7' title="bbox 102 945 1219 1037; baseline -0.002 -21"><span class='ocrx_word' id='word_1_41' title='bbox 102 945 292 1016; x_wconf 72' lang='lat' dir='ltr'><strong>Ecclesiae</strong></span> <span class='ocrx_word' id='word_1_42' title='bbox 306 950 513 1017; x_wconf 84' lang='lat' dir='ltr'><strong>Moderatore</strong></span> <span class='ocrx_word' id='word_1_43' title='bbox 536 947 717 1037; x_wconf 87' lang='lat' dir='ltr'><strong>dogmatica</strong></span> <span class='ocrx_word' id='word_1_44' title='bbox 741 958 908 1014; x_wconf 81' lang='lat' dir='ltr'><strong>asseratur</strong></span> <span class='ocrx_word' id='word_1_45' title='bbox 928 947 1126 1033; x_wconf 82' lang='lat' dir='ltr'><strong>delinition03</strong></span> <span class='ocrx_word' id='word_1_46' title='bbox 1156 971 1219 1014; x_wconf 91' lang='lat' dir='ltr'><strong>non</strong></span> 
     </span>
     <span class='ocr_line' id='line_1_8' title="bbox 109 1051 1216 1144; baseline -0.004 -25"><span class='ocrx_word' id='word_1_47' title='bbox 109 1062 281 1144; x_wconf 72' lang='lat' dir='ltr'><strong>tanquam</strong></span> <span class='ocrx_word' id='word_1_48' title='bbox 297 1053 330 1118; x_wconf 94' lang='lat' dir='ltr'><strong>in</strong></span> <span class='ocrx_word' id='word_1_49' title='bbox 349 1072 450 1119; x_wconf 87' lang='lat' dir='ltr'><strong>unum</strong></span> <span class='ocrx_word' id='word_1_50' title='bbox 466 1051 506 1118; x_wconf 86' lang='lat' dir='ltr'><strong>de</strong></span> <span class='ocrx_word' id='word_1_51' title='bbox 521 1053 634 1117; x_wconf 88' lang='lat' dir='ltr'><strong>multis</strong></span> <span class='ocrx_word' id='word_1_52' title='bbox 652 1053 730 1117; x_wconf 87' lang='lat' dir='ltr'><strong>baec</strong></span> <span class='ocrx_word' id='word_1_53' title='bbox 746 1053 780 1118; x_wconf 93' lang='lat' dir='ltr'><strong>in</strong></span> <span class='ocrx_word' id='word_1_54' title='bbox 798 1073 848 1117; x_wconf 90' lang='lat' dir='ltr'><strong>me</strong></span> <span class='ocrx_word' id='word_1_55' title='bbox 864 1052 1010 1117; x_wconf 89' lang='lat' dir='ltr'><strong>convicia</strong></span> <span class='ocrx_word' id='word_1_56' title='bbox 1031 1051 1216 1130; x_wconf 70' lang='lat' dir='ltr'><strong>corniculae,</strong></span> 
     </span>
     <span class='ocr_line' id='line_1_9' title="bbox 111 1155 1218 1245; baseline -0.005 -20"><span class='ocrx_word' id='word_1_57' title='bbox 111 1156 168 1225; x_wconf 65' lang='lat' dir='ltr'><strong>sed</strong></span> <span class='ocrx_word' id='word_1_58' title='bbox 185 1157 359 1244; x_wconf 77' lang='lat' dir='ltr'><strong>singulari</strong></span> <span class='ocrx_word' id='word_1_59' title='bbox 375 1156 469 1245; x_wconf 87' lang='lat' dir='ltr'><strong>plane</strong></span> <span class='ocrx_word' id='word_1_60' title='bbox 491 1157 617 1222; x_wconf 89' lang='lat' dir='ltr'><strong>ratione</strong></span> <span class='ocrx_word' id='word_1_61' title='bbox 634 1155 804 1222; x_wconf 84' lang='lat' dir='ltr'><strong>confiteor:</strong></span> <span class='ocrx_word' id='word_1_62' title='bbox 822 1164 947 1221; x_wconf 87' lang='lat' dir='ltr'><strong>tantum</strong></span> <span class='ocrx_word' id='word_1_63' title='bbox 964 1155 1051 1221; x_wconf 91' lang='lat' dir='ltr'><strong>enim</strong></span> <span class='ocrx_word' id='word_1_64' title='bbox 1067 1155 1159 1220; x_wconf 89' lang='lat' dir='ltr'><strong>abest</strong></span> <span class='ocrx_word' id='word_1_65' title='bbox 1179 1161 1218 1220; x_wconf 91' lang='lat' dir='ltr'><strong>ut</strong></span> 
     </span>
     <span class='ocr_line' id='line_1_10' title="bbox 106 1257 1214 1350; baseline -0.004 -22"><span class='ocrx_word' id='word_1_66' title='bbox 106 1282 147 1328; x_wconf 85' lang='lat' dir='ltr'><strong>ea</strong></span> <span class='ocrx_word' id='word_1_67' title='bbox 164 1258 315 1328; x_wconf 88' lang='lat' dir='ltr'><strong>moleste</strong></span> <span class='ocrx_word' id='word_1_68' title='bbox 332 1260 444 1340; x_wconf 81' lang='lat' dir='ltr'><strong>leram,</strong></span> <span class='ocrx_word' id='word_1_69' title='bbox 459 1270 496 1327; x_wconf 90' lang='lat' dir='ltr'><strong>ut</strong></span> <span class='ocrx_word' id='word_1_70' title='bbox 512 1261 671 1326; x_wconf 87' lang='lat' dir='ltr'><strong>maximae</strong></span> <span class='ocrx_word' id='word_1_71' title='bbox 687 1261 797 1350; x_wconf 88' lang='lat' dir='ltr'><strong>potius</strong></span> <span class='ocrx_word' id='word_1_72' title='bbox 814 1260 894 1325; x_wconf 85' lang='lat' dir='ltr'><strong>mihi</strong></span> <span class='ocrx_word' id='word_1_73' title='bbox 910 1257 999 1325; x_wconf 85' lang='lat' dir='ltr'><strong>laudi</strong></span> <span class='ocrx_word' id='word_1_74' title='bbox 1014 1259 1070 1325; x_wconf 92' lang='lat' dir='ltr'><strong>illa</strong></span> <span class='ocrx_word' id='word_1_75' title='bbox 1087 1259 1214 1326; x_wconf 82' lang='lat' dir='ltr'><strong>ducam.</strong></span> 
     </span>
     <span class='ocr_line' id='line_1_11' title="bbox 104 1363 1217 1453; baseline -0.006 -18"><span class='ocrx_word' id='word_1_76' title='bbox 104 1366 202 1435; x_wconf 76' lang='lat' dir='ltr'><strong>Nam</strong></span> <span class='ocrx_word' id='word_1_77' title='bbox 213 1373 251 1431; x_wconf 88' lang='lat' dir='ltr'><strong>et</strong></span> <span class='ocrx_word' id='word_1_78' title='bbox 266 1365 348 1432; x_wconf 86' lang='lat' dir='ltr'><strong>illud</strong></span> <span class='ocrx_word' id='word_1_79' title='bbox 360 1364 506 1453; x_wconf 81' lang='lat' dir='ltr'><strong>Virginis</strong></span> <span class='ocrx_word' id='word_1_80' title='bbox 522 1365 622 1432; x_wconf 89' lang='lat' dir='ltr'><strong>decus</strong></span> <span class='ocrx_word' id='word_1_81' title='bbox 634 1386 771 1431; x_wconf 86' lang='lat' dir='ltr'><strong>veneror</strong></span> <span class='ocrx_word' id='word_1_82' title='bbox 787 1365 951 1452; x_wconf 81' lang='lat' dir='ltr'><strong>quamqui</strong></span> <span class='ocrx_word' id='word_1_83' title='bbox 967 1363 1217 1443; x_wconf 70' lang='lat' dir='ltr'><strong>maximeeius·</strong></span> 
     </span>
     <span class='ocr_line' id='line_1_12' title="bbox 112 1467 1216 1560; baseline -0.001 -22"><span class='ocrx_word' id='word_1_84' title='bbox 112 1469 263 1560; x_wconf 55' lang='lat' dir='ltr'><strong>&amp;mque</strong></span> <span class='ocrx_word' id='word_1_85' title='bbox 280 1467 426 1537; x_wconf 87' lang='lat' dir='ltr'><strong>delinitio</strong></span> <span class='ocrx_word' id='word_1_86' title='bbox 442 1474 488 1539; x_wconf 87' lang='lat' dir='ltr'><strong>ita</strong></span> <span class='ocrx_word' id='word_1_87' title='bbox 504 1473 585 1538; x_wconf 91' lang='lat' dir='ltr'><strong>mibi</strong></span> <span class='ocrx_word' id='word_1_88' title='bbox 607 1479 657 1538; x_wconf 86' lang='lat' dir='ltr'><strong>est</strong></span> <span class='ocrx_word' id='word_1_89' title='bbox 672 1472 706 1536; x_wconf 93' lang='lat' dir='ltr'><strong>in</strong></span> <span class='ocrx_word' id='word_1_90' title='bbox 724 1471 856 1559; x_wconf 86' lang='lat' dir='ltr'><strong>optatis,</strong></span> <span class='ocrx_word' id='word_1_91' title='bbox 874 1478 911 1536; x_wconf 92' lang='lat' dir='ltr'><strong>ut</strong></span> <span class='ocrx_word' id='word_1_92' title='bbox 932 1491 1137 1558; x_wconf 87' lang='lat' dir='ltr'><strong>summopere</strong></span> <span class='ocrx_word' id='word_1_93' title='bbox 1157 1492 1216 1537; x_wconf 88' lang='lat' dir='ltr'><strong>cn·</strong></span> 
     </span>
     <span class='ocr_line' id='line_1_13' title="bbox 112 1574 1212 1666; baseline -0.001 -25"><span class='ocrx_word' id='word_1_94' title='bbox 112 1576 204 1666; x_wconf 78' lang='lat' dir='ltr'><strong>piam</strong></span> <span class='ocrx_word' id='word_1_95' title='bbox 222 1574 267 1641; x_wconf 86' lang='lat' dir='ltr'><strong>ad</strong></span> <span class='ocrx_word' id='word_1_96' title='bbox 284 1575 377 1642; x_wconf 89' lang='lat' dir='ltr'><strong>illum</strong></span> <span class='ocrx_word' id='word_1_97' title='bbox 392 1598 443 1642; x_wconf 88' lang='lat' dir='ltr'><strong>me</strong></span> <span class='ocrx_word' id='word_1_98' title='bbox 460 1577 545 1643; x_wconf 86' lang='lat' dir='ltr'><strong>diem</strong></span> <span class='ocrx_word' id='word_1_99' title='bbox 561 1575 787 1642; x_wconf 90' lang='lat' dir='ltr'><strong>beatissimum</strong></span> <span class='ocrx_word' id='word_1_100' title='bbox 803 1575 977 1654; x_wconf 86' lang='lat' dir='ltr'><strong>reservari,</strong></span> <span class='ocrx_word' id='word_1_101' title='bbox 994 1596 1069 1641; x_wconf 91' lang='lat' dir='ltr'><strong>cum</strong></span> <span class='ocrx_word' id='word_1_102' title='bbox 1086 1583 1212 1641; x_wconf 90' lang='lat' dir='ltr'><strong>tantum</strong></span> 
     </span>
     <span class='ocr_line' id='line_1_14' title="bbox 111 1678 1217 1768; baseline -0.001 -21"><span class='ocrx_word' id='word_1_103' title='bbox 111 1680 164 1747; x_wconf 75' lang='lat' dir='ltr'><strong>ad.</strong></span> <span class='ocrx_word' id='word_1_104' title='bbox 184 1678 336 1746; x_wconf 87' lang='lat' dir='ltr'><strong>eamdem</strong></span> <span class='ocrx_word' id='word_1_105' title='bbox 348 1681 517 1768; x_wconf 82' lang='lat' dir='ltr'><strong>Virginem</strong></span> <span class='ocrx_word' id='word_1_106' title='bbox 541 1688 766 1746; x_wconf 86' lang='lat' dir='ltr'><strong>ornamentum</strong></span> <span class='ocrx_word' id='word_1_107' title='bbox 795 1687 971 1766; x_wconf 86' lang='lat' dir='ltr'><strong>tantusque</strong></span> <span class='ocrx_word' id='word_1_108' title='bbox 996 1679 1099 1746; x_wconf 90' lang='lat' dir='ltr'><strong>bonor</strong></span> <span class='ocrx_word' id='word_1_109' title='bbox 1126 1700 1217 1746; x_wconf 88' lang='lat' dir='ltr'><strong>acce-</strong></span> 
     </span>
     <span class='ocr_line' id='line_1_15' title="bbox 108 1771 1260 1872; baseline -0.001 -22"><span class='ocrx_word' id='word_1_110' title='bbox 108 1781 182 1850; x_wconf 82' lang='lat' dir='ltr'><strong>det.</strong></span> <span class='ocrx_word' id='word_1_111' title='bbox 208 1784 304 1849; x_wconf 83' lang='lat' dir='ltr'><strong>Hanc</strong></span> <span class='ocrx_word' id='word_1_112' title='bbox 321 1784 406 1850; x_wconf 92' lang='lat' dir='ltr'><strong>euim</strong></span> <span class='ocrx_word' id='word_1_113' title='bbox 429 1784 649 1850; x_wconf 88' lang='lat' dir='ltr'><strong>definitionem</strong></span> <span class='ocrx_word' id='word_1_114' title='bbox 666 1782 793 1850; x_wconf 85' lang='lat' dir='ltr'><strong>tandem</strong></span> <span class='ocrx_word' id='word_1_115' title='bbox 810 1783 985 1872; x_wconf 88' lang='lat' dir='ltr'><strong>aliquando</strong></span> <span class='ocrx_word' id='word_1_116' title='bbox 1009 1779 1134 1848; x_wconf 87' lang='lat' dir='ltr'><strong>editum</strong></span> <span class='ocrx_word' id='word_1_117' title='bbox 1157 1784 1217 1864; x_wconf 90' lang='lat' dir='ltr'><strong>iri,</strong></span> <span class='ocrx_word' id='word_1_118' title='bbox 1256 1771 1260 1782; x_wconf 55' lang='lat'>¹</span> 
     </span>
     <span class='ocr_line' id='line_1_16' title="bbox 105 1884 1216 1974; baseline -0.001 -21"><span class='ocrx_word' id='word_1_119' title='bbox 105 1886 233 1953; x_wconf 89' lang='lat' dir='ltr'><strong>nullus</strong></span> <span class='ocrx_word' id='word_1_120' title='bbox 252 1885 378 1970; x_wconf 85' lang='lat' dir='ltr'><strong>dubit03</strong></span> <span class='ocrx_word' id='word_1_121' title='bbox 394 1887 531 1974; x_wconf 88' lang='lat' dir='ltr'><strong>ipsaque</strong></span> <span class='ocrx_word' id='word_1_122' title='bbox 547 1887 595 1953; x_wconf 89' lang='lat' dir='ltr'><strong>rei</strong></span> <span class='ocrx_word' id='word_1_123' title='bbox 611 1887 836 1974; x_wconf 78' lang='lat' dir='ltr'><strong>expectatione</strong></span> <span class='ocrx_word' id='word_1_124' title='bbox 853 1884 990 1952; x_wconf 87' lang='lat' dir='ltr'><strong>mirifice</strong></span> <span class='ocrx_word' id='word_1_125' title='bbox 1023 1905 1166 1966; x_wconf 87' lang='lat' dir='ltr'><strong>recreor,</strong></span> <span class='ocrx_word' id='word_1_126' title='bbox 1183 1895 1216 1953; x_wconf 88' lang='lat' dir='ltr'><strong>et</strong></span> 
     </span>
     <span class='ocr_line' id='line_1_17' title="bbox 109 1988 614 2079; baseline -0.004 -22"><span class='ocrx_word' id='word_1_127' title='bbox 109 1991 267 2057; x_wconf 72' lang='lat' dir='ltr'><strong>maxima</strong></span> <span class='ocrx_word' id='word_1_128' title='bbox 281 1988 406 2057; x_wconf 87' lang='lat' dir='ltr'><strong>laetitia</strong></span> <span class='ocrx_word' id='word_1_129' title='bbox 422 1990 614 2079; x_wconf 88' lang='lat' dir='ltr'><strong>perfundor.</strong></span> 
     </span>
     <span class='ocr_line' id='line_1_18' title="bbox 209 2093 1215 2182; baseline 0 -22"><span class='ocrx_word' id='word_1_130' title='bbox 209 2095 301 2160; x_wconf 80' lang='lat' dir='ltr'><strong>llaec</strong></span> <span class='ocrx_word' id='word_1_131' title='bbox 317 2102 394 2160; x_wconf 90' lang='lat' dir='ltr'><strong>sunt</strong></span> <span class='ocrx_word' id='word_1_132' title='bbox 409 2096 585 2182; x_wconf 89' lang='lat' dir='ltr'><strong>quaemihi</strong></span> <span class='ocrx_word' id='word_1_133' title='bbox 599 2096 769 2162; x_wconf 85' lang='lat' dir='ltr'><strong>visumest</strong></span> <span class='ocrx_word' id='word_1_134' title='bbox 784 2093 824 2160; x_wconf 84' lang='lat' dir='ltr'><strong>dc</strong></span> <span class='ocrx_word' id='word_1_135' title='bbox 837 2102 904 2161; x_wconf 88' lang='lat' dir='ltr'><strong>tola</strong></span> <span class='ocrx_word' id='word_1_136' title='bbox 917 2095 976 2161; x_wconf 90' lang='lat' dir='ltr'><strong>bac</strong></span> <span class='ocrx_word' id='word_1_137' title='bbox 993 2095 1215 2163; x_wconf 88' lang='lat' dir='ltr'><strong>controversia</strong></span> 
     </span>
     <span class='ocr_line' id='line_1_19' title="bbox 107 2198 1216 2289; baseline -0.003 -22"><span class='ocrx_word' id='word_1_138' title='bbox 107 2198 304 2288; x_wconf 58' lang='lat' dir='ltr'><strong>disputare</strong></span> <span class='ocrx_word' id='word_1_139' title='bbox 313 2198 353 2265; x_wconf 89' lang='lat' dir='ltr'><strong>de</strong></span> <span class='ocrx_word' id='word_1_140' title='bbox 366 2220 431 2288; x_wconf 90' lang='lat' dir='ltr'><strong>qua</strong></span> <span class='ocrx_word' id='word_1_141' title='bbox 443 2219 517 2265; x_wconf 91' lang='lat' dir='ltr'><strong>cum</strong></span> <span class='ocrx_word' id='word_1_142' title='bbox 530 2201 564 2266; x_wconf 92' lang='lat' dir='ltr'><strong>in</strong></span> <span class='ocrx_word' id='word_1_143' title='bbox 578 2200 765 2287; x_wconf 84' lang='lat' dir='ltr'><strong>theologicis</strong></span> <span class='ocrx_word' id='word_1_144' title='bbox 778 2199 1054 2288; x_wconf 85' lang='lat' dir='ltr'><strong>praelectionibus</strong></span> <span class='ocrx_word' id='word_1_145' title='bbox 1069 2200 1216 2289; x_wconf 91' lang='lat' dir='ltr'><strong>proposi-</strong></span> 
     </span>
     <span class='ocr_line' id='line_1_20' title="bbox 111 2301 1216 2388; baseline 0 -18"><span class='ocrx_word' id='word_1_146' title='bbox 111 2311 175 2370; x_wconf 83' lang='lat' dir='ltr'><strong>tus</strong></span> <span class='ocrx_word' id='word_1_147' title='bbox 198 2301 282 2368; x_wconf 90' lang='lat' dir='ltr'><strong>mibi</strong></span> <span class='ocrx_word' id='word_1_148' title='bbox 299 2303 371 2370; x_wconf 87' lang='lat' dir='ltr'><strong>linis</strong></span> <span class='ocrx_word' id='word_1_149' title='bbox 388 2313 508 2369; x_wconf 87' lang='lat' dir='ltr'><strong>certam</strong></span> <span class='ocrx_word' id='word_1_150' title='bbox 526 2304 643 2371; x_wconf 85' lang='lat' dir='ltr'><strong>thesim</strong></span> <span class='ocrx_word' id='word_1_151' title='bbox 660 2302 859 2370; x_wconf 88' lang='lat' dir='ltr'><strong>constituere</strong></span> <span class='ocrx_word' id='word_1_152' title='bbox 874 2324 938 2369; x_wconf 91' lang='lat' dir='ltr'><strong>non</strong></span> <span class='ocrx_word' id='word_1_153' title='bbox 951 2304 1089 2388; x_wconf 82' lang='lat' dir='ltr'><strong>sineret3</strong></span> <span class='ocrx_word' id='word_1_154' title='bbox 1103 2325 1143 2368; x_wconf 89' lang='lat' dir='ltr'><strong>ne</strong></span> <span class='ocrx_word' id='word_1_155' title='bbox 1160 2304 1216 2370; x_wconf 91' lang='lat' dir='ltr'><strong>cui</strong></span> 
     </span>
     <span class='ocr_line' id='line_1_21' title="bbox 115 2406 1215 2497; baseline -0.001 -23"><span class='ocrx_word' id='word_1_156' title='bbox 115 2406 269 2496; x_wconf 76' lang='lat' dir='ltr'><strong>suspicio</strong></span> <span class='ocrx_word' id='word_1_157' title='bbox 280 2407 468 2473; x_wconf 88' lang='lat' dir='ltr'><strong>oboriretur</strong></span> <span class='ocrx_word' id='word_1_158' title='bbox 477 2430 527 2475; x_wconf 91' lang='lat' dir='ltr'><strong>me</strong></span> <span class='ocrx_word' id='word_1_159' title='bbox 539 2411 645 2475; x_wconf 90' lang='lat' dir='ltr'><strong>animo</strong></span> <span class='ocrx_word' id='word_1_160' title='bbox 658 2410 844 2475; x_wconf 89' lang='lat' dir='ltr'><strong>haerentem</strong></span> <span class='ocrx_word' id='word_1_161' title='bbox 853 2409 960 2497; x_wconf 87' lang='lat' dir='ltr'><strong>quoad</strong></span> <span class='ocrx_word' id='word_1_162' title='bbox 969 2409 1215 2474; x_wconf 87' lang='lat' dir='ltr'><strong>immaculatum</strong></span> 
     </span>
     <span class='ocr_line' id='line_1_22' title="bbox 119 2510 1215 2602; baseline -0.001 -23"><span class='ocrx_word' id='word_1_163' title='bbox 119 2510 250 2578; x_wconf 65' lang='lat' dir='ltr'><strong>leriae</strong></span> <span class='ocrx_word' id='word_1_164' title='bbox 265 2512 463 2601; x_wconf 87' lang='lat' dir='ltr'><strong>Conceptum</strong></span> <span class='ocrx_word' id='word_1_165' title='bbox 477 2512 590 2594; x_wconf 81' lang='lat' dir='ltr'><strong>luisse,</strong></span> <span class='ocrx_word' id='word_1_166' title='bbox 604 2515 693 2581; x_wconf 85' lang='lat' dir='ltr'><strong>volui</strong></span> <span class='ocrx_word' id='word_1_167' title='bbox 706 2513 945 2602; x_wconf 84' lang='lat' dir='ltr'><strong>qualecumque</strong></span> <span class='ocrx_word' id='word_1_168' title='bbox 958 2513 1018 2578; x_wconf 95' lang='lat' dir='ltr'><strong>hoc</strong></span> <span class='ocrx_word' id='word_1_169' title='bbox 1030 2534 1121 2578; x_wconf 89' lang='lat' dir='ltr'><strong>meae</strong></span> <span class='ocrx_word' id='word_1_170' title='bbox 1137 2533 1215 2600; x_wconf 85' lang='lat' dir='ltr'><strong>erga</strong></span> 
     </span>
     <span class='ocr_line' id='line_1_23' title="bbox 121 2620 1217 2710; baseline -0.004 -20"><span class='ocrx_word' id='word_1_171' title='bbox 121 2622 208 2691; x_wconf 83' lang='lat' dir='ltr'><strong>illam</strong></span> <span class='ocrx_word' id='word_1_172' title='bbox 227 2621 359 2709; x_wconf 89' lang='lat' dir='ltr'><strong>pietatis</strong></span> <span class='ocrx_word' id='word_1_173' title='bbox 375 2628 408 2686; x_wconf 90' lang='lat' dir='ltr'><strong>et</strong></span> <span class='ocrx_word' id='word_1_174' title='bbox 430 2620 653 2689; x_wconf 85' lang='lat' dir='ltr'><strong>observantiae</strong></span> <span class='ocrx_word' id='word_1_175' title='bbox 676 2623 908 2687; x_wconf 89' lang='lat' dir='ltr'><strong>monimentum</strong></span> <span class='ocrx_word' id='word_1_176' title='bbox 926 2620 1112 2710; x_wconf 87' lang='lat' dir='ltr'><strong>posteritati</strong></span> <span class='ocrx_word' id='word_1_177' title='bbox 1132 2641 1217 2687; x_wconf 88' lang='lat' dir='ltr'><strong>com-</strong></span> 
     </span>
     <span class='ocr_line' id='line_1_24' title="bbox 117 2724 1213 2812; baseline -0.003 -17"><span class='ocrx_word' id='word_1_178' title='bbox 117 2727 283 2795; x_wconf 85' lang='lat' dir='ltr'><strong>mendare.</strong></span> <span class='ocrx_word' id='word_1_179' title='bbox 301 2727 406 2805; x_wconf 85' lang='lat' dir='ltr'><strong>Quem</strong></span> <span class='ocrx_word' id='word_1_180' title='bbox 423 2725 554 2812; x_wconf 87' lang='lat' dir='ltr'><strong>quidem</strong></span> <span class='ocrx_word' id='word_1_181' title='bbox 572 2726 714 2792; x_wconf 89' lang='lat' dir='ltr'><strong>laborem</strong></span> <span class='ocrx_word' id='word_1_182' title='bbox 731 2748 748 2791; x_wconf 92' lang='lat' dir='ltr'><strong>a</strong></span> <span class='ocrx_word' id='word_1_183' title='bbox 762 2748 812 2792; x_wconf 90' lang='lat' dir='ltr'><strong>me</strong></span> <span class='ocrx_word' id='word_1_184' title='bbox 825 2724 972 2812; x_wconf 84' lang='lat' dir='ltr'><strong>Virginis</strong></span> <span class='ocrx_word' id='word_1_185' title='bbox 986 2724 1213 2794; x_wconf 88' lang='lat' dir='ltr'><strong>immaculatae</strong></span> 
     </span>
     <span class='ocr_line' id='line_1_25' title="bbox 116 2829 1212 2919; baseline -0.004 -20"><span class='ocrx_word' id='word_1_186' title='bbox 116 2852 222 2899; x_wconf 88' lang='lat' dir='ltr'><strong>causa</strong></span> <span class='ocrx_word' id='word_1_187' title='bbox 238 2836 426 2917; x_wconf 88' lang='lat' dir='ltr'><strong>susceptum</strong></span> <span class='ocrx_word' id='word_1_188' title='bbox 450 2851 519 2908; x_wconf 87' lang='lat' dir='ltr'><strong>oro,</strong></span> <span class='ocrx_word' id='word_1_189' title='bbox 534 2838 571 2895; x_wconf 90' lang='lat' dir='ltr'><strong>ut</strong></span> <span class='ocrx_word' id='word_1_190' title='bbox 596 2831 665 2918; x_wconf 90' lang='lat' dir='ltr'><strong>ipsa</strong></span> <span class='ocrx_word' id='word_1_191' title='bbox 686 2829 919 2919; x_wconf 86' lang='lat' dir='ltr'><strong>benignissima</strong></span> <span class='ocrx_word' id='word_1_192' title='bbox 942 2831 1046 2918; x_wconf 85' lang='lat' dir='ltr'><strong>Virgo</strong></span> <span class='ocrx_word' id='word_1_193' title='bbox 1069 2830 1212 2919; x_wconf 89' lang='lat' dir='ltr'><strong>propitia</strong></span> 
     </span>
     <span class='ocr_line' id='line_1_26' title="bbox 118 2935 1214 3025; baseline -0.005 -20"><span class='ocrx_word' id='word_1_194' title='bbox 118 2959 156 3005; x_wconf 81' lang='lat' dir='ltr'><strong>ac</strong></span> <span class='ocrx_word' id='word_1_195' title='bbox 185 2935 295 3002; x_wconf 88' lang='lat' dir='ltr'><strong>volens</strong></span> <span class='ocrx_word' id='word_1_196' title='bbox 318 2935 488 3025; x_wconf 84' lang='lat' dir='ltr'><strong>respiciat,</strong></span> <span class='ocrx_word' id='word_1_197' title='bbox 513 2935 547 3001; x_wconf 92' lang='lat' dir='ltr'><strong>iu</strong></span> <span class='ocrx_word' id='word_1_198' title='bbox 570 2935 667 3001; x_wconf 87' lang='lat' dir='ltr'><strong>cuius</strong></span> <span class='ocrx_word' id='word_1_199' title='bbox 690 2935 785 3001; x_wconf 84' lang='lat' dir='ltr'><strong>fidem</strong></span> <span class='ocrx_word' id='word_1_200' title='bbox 809 2958 846 3002; x_wconf 90' lang='lat' dir='ltr'><strong>ae</strong></span> <span class='ocrx_word' id='word_1_201' title='bbox 871 2936 1006 3002; x_wconf 88' lang='lat' dir='ltr'><strong>tutelam</strong></span> <span class='ocrx_word' id='word_1_202' title='bbox 1033 2943 1138 3000; x_wconf 92' lang='lat' dir='ltr'><strong>totum</strong></span> <span class='ocrx_word' id='word_1_203' title='bbox 1162 2956 1214 2999; x_wconf 89' lang='lat' dir='ltr'><strong>me</strong></span> 
     </span>
     <span class='ocr_line' id='line_1_27' title="bbox 121 3037 1214 3129; baseline -0.003 -23"><span class='ocrx_word' id='word_1_204' title='bbox 121 3037 244 3106; x_wconf 87' lang='lat' dir='ltr'><strong>tradidi</strong></span> <span class='ocrx_word' id='word_1_205' title='bbox 261 3059 397 3129; x_wconf 86' lang='lat' dir='ltr'><strong>meaque</strong></span> <span class='ocrx_word' id='word_1_206' title='bbox 413 3038 537 3118; x_wconf 88' lang='lat' dir='ltr'><strong>omnia,</strong></span> <span class='ocrx_word' id='word_1_207' title='bbox 554 3060 718 3127; x_wconf 86' lang='lat' dir='ltr'><strong>quamque</strong></span> <span class='ocrx_word' id='word_1_208' title='bbox 736 3040 785 3106; x_wconf 86' lang='lat' dir='ltr'><strong>uti</strong></span> <span class='ocrx_word' id='word_1_209' title='bbox 803 3042 943 3106; x_wconf 87' lang='lat' dir='ltr'><strong>Matrem</strong></span> <span class='ocrx_word' id='word_1_210' title='bbox 960 3039 1214 3105; x_wconf 91' lang='lat' dir='ltr'><strong>amantissimam</strong></span> 
     </span>
     <span class='ocr_line' id='line_1_28' title="bbox 125 3144 1212 3233; baseline -0.003 -22"><span class='ocrx_word' id='word_1_211' title='bbox 125 3144 237 3232; x_wconf 87' lang='lat' dir='ltr'><strong>diligo,</strong></span> <span class='ocrx_word' id='word_1_212' title='bbox 247 3152 279 3209; x_wconf 88' lang='lat' dir='ltr'><strong>et</strong></span> <span class='ocrx_word' id='word_1_213' title='bbox 290 3146 387 3212; x_wconf 89' lang='lat' dir='ltr'><strong>cuius</strong></span> <span class='ocrx_word' id='word_1_214' title='bbox 400 3144 592 3211; x_wconf 88' lang='lat' dir='ltr'><strong>suavissimo</strong></span> <span class='ocrx_word' id='word_1_215' title='bbox 604 3145 760 3233; x_wconf 91' lang='lat' dir='ltr'><strong>adspectu</strong></span> <span class='ocrx_word' id='word_1_216' title='bbox 775 3167 826 3211; x_wconf 92' lang='lat' dir='ltr'><strong>me</strong></span> <span class='ocrx_word' id='word_1_217' title='bbox 839 3144 1015 3233; x_wconf 89' lang='lat' dir='ltr'><strong>aliqnando</strong></span> <span class='ocrx_word' id='word_1_218' title='bbox 1028 3152 1212 3211; x_wconf 87' lang='lat' dir='ltr'><strong>recreatum</strong></span> 
     </span>
     <span class='ocr_line' id='line_1_29' title="bbox 126 3249 788 3338; baseline -0.002 -23"><span class='ocrx_word' id='word_1_219' title='bbox 126 3249 168 3316; x_wconf 79' lang='lat' dir='ltr'><strong>iri</strong></span> <span class='ocrx_word' id='word_1_220' title='bbox 186 3249 311 3317; x_wconf 80' lang='lat' dir='ltr'><strong>confido</strong></span> <span class='ocrx_word' id='word_1_221' title='bbox 328 3251 361 3316; x_wconf 89' lang='lat' dir='ltr'><strong>in</strong></span> <span class='ocrx_word' id='word_1_222' title='bbox 378 3257 552 3338; x_wconf 85' lang='lat' dir='ltr'><strong>perpetuas</strong></span> <span class='ocrx_word' id='word_1_223' title='bbox 569 3250 788 3316; x_wconf 82' lang='lat' dir='ltr'><strong>aeternitates.</strong></span> 
     </span>
    </p>
   </div>
   <div class='ocr_carea' id='block_1_4' title="bbox 0 0 1418 4904">
    <p class='ocr_par' dir='ltr' id='par_1_4' title="bbox 0 0 1418 4904">
     <span class='ocr_line' id='line_1_30' title="bbox 0 0 1418 4904; baseline 0 1"><span class='ocrx_word' id='word_1_224' title='bbox 0 0 1418 4904; x_wconf 95' lang='lat' dir='ltr'><strong> </strong></span> 
     </span>
    </p>
   </div>
  </div>
 </body>
</html>
