2820 4890
29 466 134 550 gratia
160 465 303 548 benigne
324 463 472 539 indulsit,
501 473 539 531 ut
555 465 590 528 in
606 467 766 544 universa,
780 484 845 548 qua
867 465 933 530 late
949 474 1064 549 patet.
1083 514 1086 521 ι
1108 515 1116 533 .

34 617 39 630 .
58 618 65 633 .
82 619 88 631 .
107 568 259 632 Dioecesi
285 567 442 650 deinceps
457 571 587 632 Festum
604 569 839 652 Conceptionis
855 569 1014 652 Deipamc
1036 570 1118 634 cele·

27 672 119 734 brari
142 680 242 753 queat
268 669 433 733 dominica
455 669 599 734 secunda
628 671 712 734 sacri
738 670 898 735 adrentus
921 690 997 735 cum
1021 672 1118 738 unica

27 777 127 842 Missa
157 773 298 836 solemni
323 772 356 833 in
383 770 531 852 qrralibet
567 772 705 834 ecclesia
734 771 928 836 celebranda
960 780 997 836 ut
1023 780 1115 836 sexto

24 879 103 943 idus
129 875 327 954 decembris,
340 874 455 940 addito
468 872 667 938 Praefationi
681 873 781 938 huius
804 874 1021 939 solemnitatis
1046 894 1116 939 ver·

24 980 67 1045 bo
81 1015 101 1028 —
115 976 299 1040 lmmccciotu
313 1010 333 1021 -
348 975 432 1039 adeo
463 981 501 1039 ut
530 974 596 1058 legi
624 982 726 1058 queat
742 1011 760 1020 -
779 975 819 1038 Et
842 983 867 1038 tc
897 977 930 1037 in
965 976 1117 1062 conceptio·

22 1102 54 1144 ne
79 1077 293 1143 immacutatu-
309 1077 361 1141 uti
395 1083 509 1141 octavo
541 1076 618 1142 idus
654 1075 853 1161 septembris
886 1073 971 1143 1834
1003 1077 1115 1142 Archi·

22 1183 171 1250 dioecesi
192 1180 379 1265 Hispalensi
394 1179 460 1244 fuit
475 1180 657 1259 indultum,
682 1189 717 1246 et
746 1199 822 1244 cum
846 1180 992 1264 plenaria
1007 1180 1116 1246 indul·

22 1283 141 1369 gentis
161 1281 202 1347 ab
224 1279 378 1345 omnibus
406 1279 583 1362 utriusque
604 1298 700 1346 sexus
727 1279 1010 1346 Christifidelibus
1040 1296 1115 1345 vere

21 1383 276 1470 poenitentibus
293 1389 327 1446 et
342 1401 432 1446 seem
457 1382 571 1467 synaxi
587 1380 721 1446 refectis
740 1400 982 1465 quamcumque
1011 1384 1116 1447 eecle-

21 1488 100 1552 siam
120 1492 300 1549 memorata
315 1483 480 1549 dominica
491 1481 711 1564 visitantibus,
726 1491 769 1548 et
784 1483 832 1548 ibi
855 1485 945 1549 iuxta
968 1493 1115 1549 mentem

20 1589 217 1656 sanctitatis
228 1591 310 1653 suae
322 1585 494 1652 orantibus
509 1585 667 1651 lucranda
679 1586 833 1652 informa
848 1587 1016 1653 Ecclesiae
1038 1600 1113 1652 con·

18 1699 127 1757 sueta.
158 1689 339 1754 Contrariis
363 1695 425 1752 etc.

107 1791 317 1856 Beatissimae
333 1789 477 1873 Virginis
492 1789 612 1854 Mariae
629 1790 755 1854 cultum
777 1791 866 1854 inter
880 1790 945 1855 sibi
966 1793 1112 1858 commis

15 1914 72 1962 sos
110 1891 229 1959 fideles
260 1893 440 1977 impensius
475 1899 687 1976 promoturus
719 1893 1010 1960 reverendissimus
1038 1943 1045 1960 .
1071 1943 1113 1961 ..

16 2042 23 2057 .
51 2042 58 2056 .
89 2041 96 2057 .
124 1993 308 2075 Episcopus
325 1991 533 2056 Sanctissimo
550 1993 690 2056 Domino
706 1993 828 2073 Nostro
844 1994 1002 2079 Gregorio
1023 1995 1111 2061 XVI.

15 2091 182 2159 Pontifici
207 2093 345 2157 Maximo
372 2080 573 2158 humillimas
600 2091 746 2177 porrexit
773 2112 888 2178 preces
918 2095 1111 2180 efflagitans,

14 2206 55 2264 ut
82 2197 119 2262 in
143 2217 201 2262 sua
224 2194 374 2260 Dioecesi
395 2196 521 2262 litaniis
546 2203 620 2280 post
649 2216 778 2261 versum
795 2233 813 2245 ·
830 2199 954 2282 Regina
984 2203 1113 2266 Sancto·

14 2317 95 2365 rum
118 2297 267 2362 omnium
282 2295 396 2360 -addi
420 2303 522 2379 queat
542 2296 633 2362 aliud
661 2298 818 2380 Deiparae
842 2298 1039 2378 encomium,
1061 2301 1114 2366 ni·

14 2401 144 2467 mirum
158 2433 178 2446 -
200 2399 309 2487 Regino
333 2399 394 2462 aino
414 2396 473 2462 iube
499 2397 637 2487 eripienti
665 2407 794 2484 coempto
808 2438 825 2451 -
844 2401 1005 2466 Sanctitas
1028 2405 1109 2477 Sua,

17 2505 189 2571 referente
216 2491 268 2568 me
303 2502 492 2587 subscripto
517 2521 681 2568 sacrorum
715 2503 854 2568 Rituum
882 2504 1112 2589 Congregatio·

17 2608 69 2672 nis
106 2608 317 2686 Secretario‚
345 2604 658 2690 benigueannuit3
685 2605 866 2672 dummodo
895 2597 1014 2670 iisdem
1045 2614 1112 2673 tam

20 2709 187 2792 privatim
203 2727 302 2792 quum
324 2706 482 2792 pubblice
505 2707 598 2773 aliud
619 2727 686 2772 non
711 2706 869 2787 addatur,
886 2708 950 2772 nisi
973 2708 1112 2775 obtenta

16 2810 178 2877 facultate
201 2831 220 2875 a
235 2813 352 2875 Sancta
372 2809 561 2893 Apostoliea
577 2810 679 2888 Sede;
703 2811 971 2902 quibuscumque
986 2812 1022 2877 in
1036 2830 1111 2876 con·

16 2913 160 2978 trarium
182 2911 435 2997 disponentibus
457 2910 594 2977 minime
617 2912 834 2992 obstantibus
852 2932 889 2977 ac
914 2914 1110 2998 praesertim

15 3019 162 3101 Decreto
188 3036 233 3080 sa.
269 3035 331 3080 me.
367 3015 547 3081 Clementis
580 3018 688 3100 Papae
719 3019 793 3082 Vlll
833 3016 888 3082 die
917 3025 938 3082 6
969 3025 1111 3101 septem·

16 3114 87 3182 bris
117 3111 216 3182 toul.
241 3116 369 3198 Quibus
383 3116 419 3181 in
441 3116 505 3181 hoc
520 3135 598 3182 casu
614 3117 786 3183 Sanctitas
800 3120 863 3197 Eua
885 3137 948 3203 pro
964 3120 1024 3184 hac
1039 3118 1110 3184 vice

15 3225 150 3283 tanturn
178 3218 373 3303 derogatum
402 3219 518 3283 voluit.
546 3219 607 3284 Die
635 3226 698 3284 etc.

105 3320 413 3386 Reverendissimus
437 3367 575 3384 .....
600 3321 784 3406 Episcopus
806 3322 1016 3386 Sanctissimo
1048 3325 1109 3386 Do·

15 3424 108 3488 minc
137 3423 258 3487 Nostro
285 3423 443 3507 Gregorio
466 3423 543 3486 XVI
569 3420 724 3486 Pontifici
748 3424 888 3487 Maximo
910 3423 1110 3507 supplicavit

16 3525 135 3602 enixe,
172 3531 211 3588 ut
240 3522 282 3588 ad
308 3542 401 3589 suam
424 3524 526 3589 etiam
548 3571 686 3589 .....
719 3524 904 3590 Dioecesim
930 3523 1109 3590 extendere

13 3625 212 3711 dignaretur
237 3625 408 3690 indultum
430 3626 505 3692 aliis
530 3625 745 3692 Dioecesibus
772 3645 974 3706 eoncessum,
989 3626 1109 3691 adden·

14 3725 50 3792 di
77 3744 202 3809 nempe
228 3725 432 3790 Praetutiani
453 3726 570 3792 Missae
596 3727 830 3811 Conceptionis
850 3730 970 3793 Beatae
989 3725 1110 3792 llariae
1205 3746 1208 3751 ’

13 3825 166 3911 Virginis
206 3823 343 3891 verbum
358 3861 378 3871 -
392 3826 602 3891 Immaculata·
627 3826 708 3891 adeo
745 3834 782 3892 ut
819 3827 886 3911 legi
911 3826 1017 3892 valeat
1032 3866 1052 3879 ·
1068 3824 1111 3890 El

15 3939 39 3992 tc
68 3931 104 3992 in
130 3929 304 4014 conceptione
339 3929 516 3994 immaculato
535 3930 707 4015 -insuper
737 3937 772 3995 et
808 3929 955 3996 addendi
984 3928 1109 3994 litaniis

13 4030 197 4096 lauretanis
235 4039 311 4115 post
346 4050 475 4097 versum
496 4068 515 4079 -
537 4034 663 4117 Regina
701 4035 895 4099 Sanctorum
924 4033 1073 4097 omnium
1089 4067 1109 4078 -

13 4131 108 4198 aliud
130 4131 292 4216 Deiparae
314 4132 520 4210 encomium,
546 4135 705 4200 nimirum
721 4165 738 4176 -
754 4133 863 4221 Regino
887 4135 948 4199 rinc
969 4130 1027 4198 loir
1055 4131 1111 4196 ori·

13 4233 108 4322 ginali
137 4241 296 4322 moccplc-
313 4235 442 4318 Quibus
464 4237 620 4325 precibus
641 4245 850 4325 peramanter
872 4236 1036 4324 exceptis,
1058 4255 1111 4303 re·

1230 4440 1324 4604 Ι
