2828 4904
97 438 255 516 aci'endo,
286 437 500 522 arefaciendo
527 436 741 524 prodientem
758 445 800 499 est
825 430 893 514 (l);
917 431 975 519 qui
1000 430 1063 496 iam
1089 428 1209 497 ibidem

99 544 339 611 adstruxerat
374 543 411 606 Β.
443 540 589 627 Virginis
626 560 755 605 carnem
786 538 868 604 mori
895 536 1047 602 debuisse
1077 544 1211 624 propter

96 647 205 713 Adae
231 655 427 735 peccatum,
456 644 532 709 licct
555 642 595 708 ab
619 665 657 709 eo
684 643 840 709 divinitus
865 649 1069 728 praeservata
1096 639 1209 705 luerit.

97 750 230 819 Habes
262 752 340 817 eius
362 749 471 818 verba:
498 749 607 816 staria
635 771 674 814 cs
702 747 817 826 Adam,
840 759 967 814 mortuo
986 760 1119 835 propter
1141 767 1213 835 poc·
1281 747 1283 752 ’

96 870 242 934 ntum,
276 879 347 921 tusi
373 877 546 921 mvrnrrvs
568 877 721 918 aarum
743 874 895 927 anassem
923 863 952 916 et
982 875 1057 917 caro
1088 852 1217 917 Domini

102 983 145 1029 a·
168 961 306 1028 Mario
327 970 452 1026 mortuo
463 969 595 1047 propter
620 957 747 1022 delendo
764 968 894 1043 peccato
921 955 982 1040 (Β).
1002 955 1132 1035 Quibus
1147 977 1218 1023 ver·

104 1064 161 1135 bis
200 1067 364 1131 llerveus
382 1060 577 1140 describere,
607 1081 665 1125 seu
694 1061 803 1146 potius
826 1081 978 1126 enarrare
1004 1060 1146 1126 voluisse
1169 1059 1216 1126 vi·

103 1192 167 1239 aus
202 1176 264 1234 est
293 1167 399 1254 magni
426 1165 605 1252 Augustini
628 1165 735 1230 locum
758 1187 800 1229 ex
822 1164 969 1250 epistola,
998 1171 1037 1230 ut
1060 1163 1137 1230 olim
1160 1162 1216 1229 ad·

97 1273 328 1352 ducebatur,
346 1270 406 1341 34:
424 1271 526 1339 Adam
544 1281 588 1336 ost
608 1283 751 1337 mortuos
762 1283 894 1358 propter
905 1284 1087 1358 peccatum,
1104 1269 1216 1337 Morio

96 1402 148 1449 ω
187 1378 306 1445 Adam
327 1388 506 1443 mortuaest
526 1387 660 1464 propter
684 1389 847 1462 peccatum
862 1375 969 1452 Adon
999 1398 1073 1442 caro
1089 1373 1218 1441 Domini

108 1506 155 1555 α
179 1484 308 1553 Mario
334 1496 459 1548 mortno
483 1491 616 1570 propter
635 1480 763 1546 dolendo
790 1490 931 1567 peccota.
961 1481 1012 1544 Ex
1038 1500 1104 1566 quo
1129 1476 1218 1545 dein-

111 1608 201 1677 ceps
215 1587 315 1675 'piae
343 1587 518 1652 sentcntiae
538 1586 779 1670 impugnatores
808 1592 1034 1670 argumentum
1063 1606 1123 1673 pro
1155 1605 1216 1649 suo

110 1694 252 1787 placito
278 1712 424 1780 promere
440 1691 546 1757 adnisi
562 1699 656 1769 sunt,
680 1689 757 1756 licet
778 1711 841 1756 non
863 1690 986 1777 absque
1005 1689 1115 1778 aliqua
1131 1691 1218 1757 eius·

107 1798 197 1867 dem
233 1806 348 1863 textus
375 1797 601 1884 depravatione
630 1792 684 1884 (3)

213 1902 309 1968 Adeo
338 1923 414 1968 vero
438 1910 544 1967 ratum
565 1899 730 1988 fixumque
754 1898 815 1965 sub
839 1907 976 1966 aetatem
1009 1900 1215 1970 s.,Bernardi
1267 1930 1306 1980 E,
1327 1929 1407 1979 ruine

107 2021 205 2092 unt,
224 2011 267 2075 Β.
283 2009 450 2093 Virginem
467 2009 536 2073 siue
558 2006 629 2071 labe
650 2005 752 2072 luisse
768 2013 968 2093 conceptam,
982 2013 1021 2070 ut
1037 2006 1215 2073 Fnlbertns
1267 2001 1411 2051 camerensi

112 2114 330 2185 carnotensis
347 2115 536 2202 episeopus,
553 2113 610 2199 qni
621 2134 708 2176 >anno
723 2108 826 2190 tetii,
843 2110 946 2177 solido
965 2111 1116 2178 videlicet
1138 2121 1213 2178 ante

118 2216 413 2287 claraevallensem
433 2215 591 2281 abbatem
607 2215 732 2293 seculo,
751 2214 880 2294 iloruit,
907 2236 971 2279 non
986 2216 1079 2281 modo
1099 2223 1131 2280 et
1146 2215 1217 2303 ipse

116 2323 305 2415 perspicue
331 2320 390 2385 boc
409 2319 615 2408 privilegium
633 2322 669 2385 Β.
690 2318 819 2404 Virgini
841 2318 997 2398 vindicet,
1020 2318 1075 2384 sed
1091 2327 1217 2406 praete-

118 2449 180 2494 rea
204 2426 366 2493 rationem
381 2424 511 2502 reddat,
528 2446 630 2510 quare
649 2423 843 2490 vetustiores
863 2425 975 2489 Patres
1000 2425 1132 2511 parcius
1156 2423 1217 2489 hoc

131 2527 352 2616 expresserint
372 2527 571 2616 mysterium.
596 2532 643 2592 Ac
660 2525 764 2614 primo
780 2523 912 2611 quidem
928 2526 1070 2591 vindicat
1087 2525 1219 2612 privile·

132 2631 218 2719 gium
234 2629 436 2696 immaculati
453 2629 650 2716 Conceptus,
668 2652 743 2696 cum
758 2630 792 2692 in
813 2626 953 2715 quodam
968 2626 1007 2693 de
1021 2629 1057 2692 Β.
1072 2627 1218 2715 Virginis

129 2733 311 2803 Nativitate
328 2754 473 2799 sermone
487 2734 572 2798 inter
587 2742 693 2799 cetera
709 2741 741 2800 ct
760 2734 839 2798 haec
861 2731 990 2798 scribit:
1013 2731 1142 2810 Qoanto
1155 2756 1217 2820 pu-

129 2850 239 2907 tamus
253 2842 393 2926 provisio
417 2837 513 2921 fucrit
538 2852 718 2912 satiatorum
739 2838 929 2923 Avcpelorom
953 2843 1038 2903 circo
1064 2850 1130 2905 tam
1152 2836 1217 2903 Deo

125 2947 324 3031 gratissimos
342 2953 490 3031 parentes
502 2942 539 3007 ab
556 2946 646 3008 initio
661 2965 735 3008 suae
745 2947 986 3030 procreationis,
1010 2955 1039 3007 et
1050 2942 1213 3008 excubatio

171 3203 207 3276 (1)
220 3208 250 3259 in
261 3209 368 3274 iteptst.
380 3210 411 3260 ad
421 3209 478 3260 Cor.
488 3223 511 3259 e.
529 3203 556 3269 5,
567 3221 592 3260 v.
611 3205 645 3260 14
699 3214 746 3262 too
755 3214 791 3261 est
800 3215 910 3278 propter
918 3211 1061 3279 peccatum·
1075 3205 1146 3262 Coro
1162 3205 1221 3277 oo,

127 3294 199 3345 inter
211 3307 288 3357 opem
298 3309 318 3343 s.
328 3294 441 3346 Anseimi
452 3294 645 3362 cantuariensis,
698 3293 767 3346 mini
773 3300 908 3360 etc.:quam
917 3296 1001 3345 iocum
1011 3295 1215 3359 expendensiiei·

129 3379 173 3430 cui
181 3380 244 3431 olim
253 3379 377 3430 eiusmodi
385 3382 594 3430 commentarium
603 3381 645 3431 tri·
700 3381 823 3430 terminus
834 3381 858 3431 in
874 3377 939 3434 Veto
951 3383 1131 3447 manuscripto,
1143 3381 1213 3445 quod

130 3465 269 3531 bnebatur,
278 3465 430 3516 editColon.
441 3462 594 3529 Agrippinas
602 3479 644 3516 an.
701 3466 844 3531 citavimus,
856 3479 902 3528 pro
914 3480 946 3516 eo
955 3480 1006 3531 quo
1018 3466 1147 3530 praeditus
1160 3470 1216 3516 erat

130 3539 204 3600 1612
216 3549 290 3599 Tem.
301 3550 325 3599 11
336 3565 391 3614 pag.
404 3542 457 3600 196
479 3551 529 3601 eoi.
539 3546 567 3602 1.
701 3552 777 3602 animi
787 3553 907 3620 candore,
917 3552 1052 3616 respondet
1063 3567 1068 3602 :
1081 3548 1135 3603 Hic
1144 3548 1216 3604 deest
1292 3611 1301 3631 ,

173 3627 365 3699 mirsinnom.
377 3635 401 3684 11
413 3635 559 3699 inspissari
570 3637 644 3689 Rom.
700 3650 783 3689 onom
796 3633 917 3700 verbum,
931 3634 994 3689 dicit
1007 3636 1076 3688 enim
1088 3633 1216 3704 Augusti·

128 3730 152 3769 α
162 3712 180 3769 8
192 3732 219 3768 v.
231 3712 241 3767 1
256 3733 326 3784 seqq.
338 3733 395 3782 pag.
405 3715 439 3770 48
449 3722 499 3771 eoi.
512 3715 537 3771 t.
700 3733 758 3772 nor:
772 3717 866 3774 Morio
876 3725 983 3773 mmtoo
994 3725 1032 3772 est
1041 3726 1148 3787 propter
1158 3730 1218 3788 peo-

169 3797 208 3867 (3)
216 3803 313 3866 Nempe
325 3805 393 3854 card.
406 3803 549 3871 Cdcnnus,
566 3806 610 3869 qui
621 3806 645 3854 in
701 3809 790 3857 cotom
808 3819 893 3862 roae.
909 3818 943 3856 ec
962 3817 1014 3873 quo
1033 3816 1119 3856 omnes
1137 3804 1219 3858 morti

103 3940 107 3945 ,
131 3899 172 3951 op.
186 3887 232 3937 cit.
243 3884 291 3939 De
301 3888 414 3940 veritate
428 3886 592 3957 Concepiion.
606 3891 646 3939 in·
700 3887 802 3942 addicti
814 3903 913 3955 sumus,
923 3888 1002 3941 ctiam
1011 3892 1070 3957 poet
1079 3888 1215 3957 peccatum

133 3974 648 4041 terdecemPatres,quosrecenset,bunc
702 3970 1215 4039 deletnm3nontomenblorioestmor·
1262 4001 1271 4019 ·

131 4059 223 4122 allegat
241 4055 376 4120 Augustini
396 4063 502 4125 textum,
520 4065 596 4122 atque
610 4060 647 4107 sic
700 4062 748 4110 tua
766 4063 876 4128 proptor
897 4061 1032 4127 paccatum
1053 4054 1105 4110 sibi
1120 4053 1215 4110 inbae-

130 4153 189 4192 onm
202 4140 284 4190 offert:
304 4137 646 4208 Adomsitmortuospro-
702 4154 773 4193 rena.
1077 4162 1079 4167 ·

128 4218 647 4296 pterpcccnrvmpdicrineottdammor-
746 4276 776 4288 „
