2828 4904
485 297 672 421 4275-

292 477 368 517 snerr
384 468 671 524 ironecontroversiam
686 482 746 524 esse
765 471 893 536 proatroe
907 475 1033 540 uenator-

294 551 345 598 tem
358 575 369 586 ·
382 547 497 600 Primum
513 548 591 603 innius
604 549 754 604 sententiae
767 560 950 617 argumentum
965 583 974 593 ·
987 558 1031 608 se·

291 630 405 682 euntium
423 640 627 696 argumentum·
644 636 680 687 lie
693 647 762 687 nexu
773 634 817 699 qui
835 635 976 700 requiritur
990 638 1030 689 in⁴

291 717 332 763 ter
342 713 480 766 deductam
493 715 703 780 propositionem
718 715 892 770 etverltatem
905 731 1029 784 expresse

289 795 432 848 revelatam
445 821 453 833 ·
467 797 603 859 Quomodo
621 797 797 851 constituatur
810 798 967 852 sniiieientin
985 814 1029 853 ne-

289 888 395 939 rusque
405 876 437 928 tle
447 877 551 942 agitur·
563 880 707 932 Generales
717 879 815 933 curisti
827 881 1031 946 promissiones·

289 956 505 1010 confirmantur·
524 958 719 1013 Goniirmantur
741 959 853 1014 ulterius
870 988 880 1001 ·
900 964 1029 1028 Urgentur

212 1099 215 1106 Ι
286 1037 413 1091 adversae
430 1040 580 1094 sententiae
595 1039 766 1096 incommoda
778 1071 791 1082 -
805 1042 893 1097 illatio
910 1056 943 1098 ex
954 1057 1029 1110 prue-
1125 1035 1129 1044 “

287 1117 535 1187 stitutisprineipiis
547 1148 560 1161 ·
572 1122 755 1177 coniirmatur.

113 1203 140 1250 ll.
172 1230 204 1240 -
232 1203 402 1265 argomento
420 1205 610 1269 turrianorum
636 1209 803 1271 ornantium
822 1206 935 1272 muniri
947 1221 1029 1272 pesae

287 1283 497 1334 immaculatum
520 1287 551 1337 B.
575 1287 703 1349 Vtrqtota
720 1289 895 1350 conceptum.
932 1325 937 1338 .
975 1325 980 1337 .
1019 1327 1024 1338 .
1064 1292 1110 1338 teo

253 1363 378 1414 auctores
391 1374 475 1426 aeque
493 1376 587 1428 graues
599 1365 643 1431 qui
656 1373 757 1432 negant
780 1369 941 1431 proelioque
965 1368 1028 1420 ticil-

283 1442 621 1510 nitionispossibilitatem-
636 1447 779 1502 Rationum
791 1457 928 1505 momenta
938 1479 950 1491 ·
961 1455 1028 1505 con·

284 1525 421 1579 ilrmantur
438 1557 447 1568 -
460 1527 574 1581 Ulterius
591 1528 782 1583 confirmantur
794 1544 826 1585 er
840 1533 936 1597 aguntii
948 1533 1028 1586 ratio·

284 1620 318 1659 ne
332 1620 410 1672 quam
420 1613 530 1662 tenuere
540 1609 642 1663 romani
649 1609 792 1664 Pontifices
801 1617 829 1664 et
838 1612 939 1680 concii.
950 1613 1026 1667 triti.-

284 1688 550 1755 lesticonreptionts
559 1690 694 1744 obiectum
703 1698 745 1745 est
755 1691 1026 1746 dubium-lirnium

284 1771 385 1823 ma·Er
393 1771 464 1824 card.
475 1771 691 1826 &Harmina-Ex
700 1771 884 1839 conceptionis
897 1773 1046 1826 nomine-2

284 1852 372 1906 illatio
388 1865 420 1906 ex
431 1853 587 1919 praemissis
603 1853 875 1909 animaduersionibus
886 1883 904 1931 -Ι
919 1847 1026 1909 literan-

283 1939 325 1986 tur
336 1941 490 2000 argumenta
508 1949 541 1990 ex
556 1936 731 2002 congruentia
744 1937 856 1989 deducta
871 1937 1025 1991 -veritates

284 2026 332 2068 sen
344 2019 451 2089 regulae
468 2031 484 2071 a
499 2016 628 2071 Gersonio
650 2017 804 2084 propositae
829 2041 840 2057 ·
864 2021 1024 2084 Argumenta

283 2099 457 2165 congruentia
466 2098 550 2166 magis
569 2104 673 2153 tantum
685 2098 830 2154 autminus
856 2099 1022 2167 probabilem

283 2179 444 2233 sententiam
456 2179 583 2234 efficiunt.

112 2261 152 2311 ill.
171 2287 202 2300 -
234 2260 351 2314 collalto
387 2267 470 2326 atque
497 2264 636 2329 epicroca
662 2268 891 2328 argumentorum
922 2268 1023 2330 patiar

281 2344 402 2407 tteotoot
419 2346 463 2397 vel
486 2350 669 2410 propugnant
695 2347 739 2399 vel
756 2348 926 2410 impugnant
946 2347 1024 2409 pium

282 2423 315 2475 rie
324 2424 504 2479 immaculato
518 2428 792 2491 vrrptotaconrrpto
803 2425 971 2481 seutentiam
982 2426 1024 2478 tie·

282 2506 363 2570 notri
394 2507 546 2571 dogmatica
577 2520 659 2572 parre
661 2544 1021 2559 .........
1060 2511 1106 2557 lai

249 2586 363 2639 collatio
387 2593 604 2652 argumentorum
615 2599 683 2654 quae
695 2599 743 2654 pro
759 2595 869 2652 utraque
883 2589 1024 2644 afferuntur

282 2668 419 2722 sententia
441 2696 451 2708 ·
468 2672 526 2722 lion
538 2667 681 2735 requiritur
693 2669 727 2723 ari
752 2668 949 2724 definitionem·
961 2669 1025 2724 talis

281 2763 374 2814 neme,
399 2749 445 2817 qui
463 2750 598 2805 evidentia
621 2750 753 2820 physica,
775 2760 821 2807 aut
843 2753 1024 2821 metaphysica

280 2838 371 2899 pateat
382 2860 393 2872 ·
404 2831 539 2899 Scriptura
553 2839 581 2885 et
589 2832 698 2887 traditio
713 2832 775 2899 piae
797 2833 948 2888 sententiae
970 2846 1024 2886 non

281 2920 453 2973 adversantur
475 2915 631 2970 -ucclesiae
643 2917 730 2982 praxis
743 2930 793 2984 per
804 2929 834 2971 se
849 2918 912 2971 ildei
925 2918 1021 2983 dogma

284 2995 513 3051 noneonstituit·
534 2997 669 3048 summam
686 2994 839 3049 tamenrim
860 2997 893 3049 ari
910 2996 1022 3063 proban-

281 3079 343 3131 dum
362 3076 465 3130 habet·
478 3075 551 3130 Fidei
574 3073 726 3129 definitioni
747 3074 899 3130 nonobstat
912 3071 1024 3131 eins'di-

282 3156 347 3210 latio
364 3182 374 3194 ·
392 3155 455 3209 sine
467 3153 640 3208 iirndamenio
652 3153 773 3222 plerique
786 3157 877 3207 Patres
891 3154 952 3220 piae
965 3167 1023 3208 sen-

285 3238 385 3292 tentiae
404 3236 537 3291 adversari
563 3235 709 3290 ‹licuntur-
724 3234 844 3289 Ecclesia
864 3234 892 3290 iu
920 3240 1021 3290 conee-

282 3323 382 3390 ptionis
396 3323 465 3376 iesto
478 3334 584 3389 semper
592 3327 620 3375 ut
637 3318 771 3375 obiectum
784 3319 919 3388 virginem
936 3334 1022 3388 aprro-

283 3411 344 3458 eato
356 3403 480 3470 originali
494 3403 639 3456 immunem
652 3401 734 3455 coierit
746 3430 758 3442 ·
772 3403 800 3457 ld
815 3400 849 3455 ab
875 3403 1022 3457 tleranrlro

283 3489 325 3539 vll
338 3486 366 3539 in
377 3499 425 3540 sua
438 3485 632 3540 coristitutione
646 3484 796 3538 declaratur
805 3512 817 3524 -
827 3485 865 3537 lta
878 3486 1022 3538 romeon-

280 3565 366 3618 tiilees
391 3567 539 3619 anteriores
561 3577 670 3617 sensere
683 3567 762 3627 -ouo
785 3569 871 3617 sensu·
886 3563 1022 3630 scripserit

284 3646 456 3699 eeilarminns
468 3661 535 3711 quae
558 3660 591 3700 ex
603 3658 637 3699 eo
649 3645 811 3700 obiiciantur
822 3673 834 3685 ·
848 3645 1021 3698 Beliarminus

278 3728 491 3795 conceptionem
517 3727 714 3780 immaculatam
749 3739 917 3794 propugnans
944 3741 1021 3792 argn-

281 3813 400 3859 mentum
410 3807 482 3860 ducit
491 3820 523 3861 er
535 3807 642 3860 obiecto
655 3805 716 3860 iesti
728 3835 741 3847 ·
752 3807 877 3861 Eiusdem
896 3807 1019 3861 carlina-

284 3888 319 3942 iis
333 3891 494 3944 consultatio
506 3889 556 3943 sul)
565 3890 645 3943 Panlo
655 3893 675 3943 v
687 3888 769 3943 -llius
779 3890 965 3945 consilinmatl
977 3902 1020 3942 se-

283 3971 396 4025 dandam
418 3971 626 4026 controversiam
642 3999 655 4014 -
672 3969 1020 4026 iteiellinurailaricinius·

283 4054 469 4105 inconcussum
482 4058 573 4106 manet
584 4057 768 4120 argumentum
780 4064 812 4106 ex
827 4051 889 4107 testi
900 4053 1020 4107 celebra·
1079 4058 1082 4065 '
1119 4050 1146 4071 ·’

282 4133 357 4186 tione
371 4133 483 4200 petitum
494 4164 507 4177 -
516 4133 687 4188 liifflcnltates
708 4131 858 4186 rationibus
872 4146 1020 4201 congruen-

211 4277 213 4283 s
283 4214 336 4270 tiae
349 4214 470 4271 obiectae
483 4215 550 4276 ninii
564 4215 598 4270 ati
610 4227 667 4269 rem
677 4221 795 4269 nostram
806 4213 927 4270 iaciunt·
941 4215 1021 4269 llolris
