2828 4904
94 481 132 532 Er
143 481 254 537 Aleriae

87 566 132 605 teu
150 552 251 609 Albino

114 625 208 677 Flacco

121 1547 159 1597 Ex
179 1547 254 1612 epist.

77 1619 253 1680 synTlreodn

76 1691 99 1739 ri
115 1693 181 1751 patr.
197 1690 253 1740 hle·

104 1759 227 1822 rosolym.

92 1829 197 1892 probata
211 1830 236 1879 in

87 1899 183 1949 Concil.
200 1900 240 1949 ni·

99 1984 172 2020 caen.
188 1971 223 2019 ll.

86 2174 124 2224 Ex
133 2175 251 2227 Patribus

73 2243 251 2297 Conciliilran·

83 2316 250 2369 colordleasis

755 358 940 431 -111-

394 475 529 544 Gemina
541 474 609 544 iere
621 482 697 543 sunt
708 498 792 565 quae
806 478 903 543 habet
913 477 1085 557 alcuinus,
1099 465 1240 543 albinus'
1254 479 1374 546 Flaccus
1402 492 1406 503 ‘

304 591 526 668 nuncupatus,
545 583 603 670 qni
619 604 701 648 anno
717 583 829 647 llornit
847 579 927 661 780,
941 583 986 648 ita
1006 584 1041 648 in
1056 582 1157 649 Serra.
1176 585 1211 648 de
1229 585 1270 647 Β.
1293 585 1376 669 Virai·

305 690 354 752 uss
370 686 543 752 Nativitate
560 690 596 752 B.
613 688 780 772 Virginem
792 688 894 774 ipsam
910 686 1093 775 alloquens:
1111 689 1155 751 lit
1171 701 1256 754 recte
1272 691 1377 776 quidun
1403 686 1406 691 ’

306 813 445 856 aurorae
464 793 597 879 r'ruplesti
617 793 759 876 officium.
783 791 850 878 Ipse
867 796 947 856 eum
969 790 1026 854 Sol
1047 796 1187 856 iustitiae
1210 793 1247 857 de
1272 807 1300 858 te
1318 817 1379 881 pro-

306 916 457 973 cessurus,
474 907 577 961 ortum
595 919 687 962 cuum
703 897 840 983 quadan
855 899 1012 960 matutina
1030 896 1245 961 irradiatione
1267 920 1380 984 praeca·

305 1001 412 1074 niens,
427 1003 460 1063 in
482 1009 511 1063 te
533 1000 612 1062 lucis
625 1020 702 1064 suae
721 999 827 1062 radios
849 1002 967 1086 copiose
991 997 1177 1081 transfudit,
1204 999 1319 1085 quibus
1335 982 1403 1088 pir-,⁹

306 1112 428 1167 testatus
450 1101 659 1183 tenebrarum,
682 1125 761 1190 quas
783 1103 854 1168 an
877 1102 1065 1199 inducerat,
1080 1107 1114 1168 in
1130 1103 1249 1187 [aqam
1273 1120 1382 1171 canusa

305 1209 346 1269 tit
348 1252 408 1269 .....
431 1205 459 1268 T
456 1228 478 1270 u
496 1206 635 1293 pulchra
660 1226 690 1270 es
712 1219 748 1271 ut
764 1208 859 1283 luna,
875 1210 936 1269 imo
959 1217 988 1271 et
1005 1206 1175 1293 pulchrior
1201 1209 1299 1285 luna,
1322 1215 1379 1296 quis

304 1311 517 1398 totapulcbra
533 1335 563 1376 es
579 1325 607 1378 et
626 1314 754 1379 macula
776 1334 840 1378 non
860 1324 904 1377 est
924 1316 959 1376 in
981 1325 1023 1390 te,
1046 1333 1145 1398 neque
1167 1317 1375 1380 vicissitudini

305 1413 499 1480 obumbratio
526 1414 584 1499 (l).

396 1519 462 1584 Nec
486 1519 593 1584 minus
616 1515 787 1607 perpiscue
810 1517 844 1583 id
866 1519 973 1606 ipsum
990 1517 1181 1583 adstruitur
1198 1519 1238 1584 in
1263 1520 1382 1609 epistola

304 1620 456 1710 synodica
491 1621 650 1687 Theodori
681 1624 883 1711 patriarchae
916 1622 1226 1710 hierosolymitani,
1253 1648 1337 1712 quae
1358 1648 1384 1691 c-

302 1728 428 1793 mnium
451 1729 659 1794 consensione
683 1729 816 1816 probata
849 1727 913 1793 luit
942 1730 977 1793 in
1006 1729 1150 1795 Concilio
1183 1734 1385 1800 oecumenico

302 1833 367 1897 vll
401 1855 458 1897 seu
494 1834 628 1899 nicaeno
657 1835 687 1898 ll
723 1855 773 1898 an.
806 1833 871 1900 782
901 1833 1072 1900 celebrato.
1105 1835 1142 1898 ln
1174 1857 1219 1902 ea
1251 1820 1385 1904 haec'ds

306 1937 344 2000 B.
369 1936 504 2021 Virgine
533 1937 708 2022 leguntur:
738 1936 824 2013 Oscae
847 1920 1008 2002 oerr⁸Dei
1033 1936 1140 2002 Mater
1165 1951 1236 2018 est,
1269 1954 1299 2006 et
1325 1953 1383 2007 ants

301 2052 433 2130 portura
456 2054 483 2104 et
506 2053 578 2129 post
595 2053 727 2128 parram
753 2046 864 2125 aaran,
888 2053 979 2126 atque
1002 2045 1099 2105 omnis
1121 2045 1333 2130 intellayibilis
1353 2064 1382 2109 ut

302 2145 450 2211 sensibilis
471 2159 607 2212 naturae
635 2148 741 2232 adoria
766 2158 793 2209 at
815 2148 958 2210 claritate
989 2168 1114 2209 cnam
1143 2148 1318 2216 sublimior
1335 2146 1373 2236 (21.

300 2244 390 2345 idem
401 2272 477 2316 vcro
489 2251 709 2315 testimonium
726 2249 885 2336 Deiparae
906 2247 1011 2313 reddit
1028 2238 1222 2317 Concilium'
1239 2255 1365 2331 alteru,
1396 2283 1406 2343 a

299 2379 414 2445 nempe
457 2357 730 2425 francofordiense
759 2355 868 2421 eadem
893 2353 992 2420 ferme
1018 2363 1121 2421 aetate
1152 2356 1191 2423 in
1219 2358 1360 2428 Occiderit
1391 2380 1406 2427 a

299 2471 458 2540 coactum,
486 2463 610 2528 scilicet.
627 2486 677 2527 an.
697 2459 772 2539 tet,
786 2461 820 2526 in
838 2481 904 2547 quo
927 2462 1037 2525 Patres
1054 2460 1102 2526 ila
1125 2458 1305 2532 felicianos
1320 2480 1360 2529 nu
1388 2491 1406 2532 a

299 2565 486 2652 adoptiones
503 2569 737 2656 perstringunt:
761 2565 823 2630 Sed
840 2577 868 2629 ct
891 2564 946 2629 boc
959 2567 1103 2630 volumus
1118 2588 1139 2630 a
1159 2569 1254 2634 vobis
1271 2568 1361 2640 audit
1387 2580 1406 2660 1(

298 2678 347 2736 aa
366 2672 470 2747 Adara¹
485 2678 609 2761 primus
643 2672 773 2737 lamani
791 2676 910 2757 acueris
928 2681 1033 2758 pater,
1057 2675 1114 2759 qui
1138 2672 1177 2736 de
1210 2686 1299 2739 terra
1323 2675 1360 2738 ab
1384 2694 1406 2740 n

294 2762 378 2861 aine·
390 2790 513 2844 creatus
535 2791 591 2854 est,
608 2778 683 2842 liber
701 2777 939 2853 essatcanditas,
958 2781 1020 2840 sice
1042 2770 1180 2861 seruus?
1203 2778 1245 2843 Si
1264 2797 1359 2850 sersus,
1383 2789 1406 2839 la

296 2884 446 2968 muodo
471 2897 546 2949 tuna
560 2889 663 2968 imaqa
683 2881 761 2944 Dei?
779 2882 915 2958 bilder,
933 2893 1076 2967 quartat
1095 2878 1247 2949 Christus
1268 2898 1359 2971 quoqu
1381 2877 1406 2938 1-

296 3002 360 3051 uon
381 2993 534 3072 unqenuus
568 2988 603 3050 de
644 2985 796 3070 Virqr'noP
830 2985 959 3048 Meliore
993 2985 1115 3071 quidem
1152 2999 1266 3064 terra,
1292 2990 1360 3050 etio»
1376 2972 1406 3045 li

297 3080 439 3156 animatu
462 3116 503 3155 ar
526 3114 759 3167 maranorum,
777 3088 899 3176 Spiritu
917 3087 1033 3154 Sancto
1050 3102 1202 3176 operante
1219 3091 1319 3174 sactus
1331 3094 1359 3151 nl
1376 3072 1395 3098 ⁹

296 3181 384 3263 bono
393 3206 405 3271 ‚'
424 3195 538 3260 dicente
566 3196 736 3282 Apostolo:
762 3192 877 3258 Factus
899 3205 944 3257 est
960 3196 1085 3280 primus
1107 3192 1200 3258 bomo
1232 3196 1268 3259 de
1296 3086 1406 3353 1111111

296 3311 447 3377 terrenus,
470 3299 620 3364 secundus
643 3299 678 3363 de
701 3299 784 3363 coeio
818 3299 962 3362 caelestis.
988 3295 1027 3361 St
1060 3308 1225 3364 terrenum
1254 3299 1359 3365 libarunt
1375 3306 1406 3357 b!

295 3405 451 3468 ceaddan
474 3408 671 3492 confitemur,
694 3425 792 3489 quara
816 3425 878 3468 nan
900 3403 997 3466 multo
1023 3405 1123 3487 suaqis
1159 3406 1316 3469 caelestem
1333 3400 1357 3463 lt
1375 3390 1406 3554 (1

295 3507 399 3576 berurn
415 3509 620 3597 confitemur?
639 3506 721 3572 Unde
739 3508 839 3571 Adam
854 3506 915 3590 suit
930 3529 1037 3572 seruus
1051 3506 1169 3591 suctus,
1184 3513 1255 3574 uisi
1264 3533 1300 3574 ea
1309 3524 1357 3595 pic·
1378 3515 1396 3561 -l

295 3596 365 3693 dato
381 3613 463 3696 (31.ρ
481 3614 514 3679 Si
538 3614 622 3677 cnim
644 3612 746 3700 l'irgc
771 3619 855 3676 terra
879 3607 942 3675 fuit
971 3609 1027 3675 illa
1050 3617 1139 3675 terra
1171 3611 1301 3701 virgine
1321 3628 1357 3699 pt
1383 3614 1398 3666 l

295 3717 359 3783 tior
374 3739 414 3782 ex
432 3739 497 3806 qua
513 3718 705 3806 plasmatum
726 3714 790 3781 suit
812 3715 931 3803 prioris
946 3715 1036 3781 Adae
1059 3735 1209 3802 corpus,
1235 3714 1357 3801 imanes!
1383 3714 1406 3773 li

1385 3824 1406 3877 lt

293 3936 297 3941 '
328 3935 362 4006 (11
375 3942 404 3992 In
427 3936 553 3994 Bibliotb.
580 3928 716 4008 Virqinali
737 3938 806 3988 Petri
859 3937 1074 3988 tribuitnrl’anlo
1087 3934 1352 4006 diaconoqutanteitt
1386 3920 1406 3978 ’ἑὲ

291 4024 357 4097 Alta
369 4026 466 4078 Torn'.1
478 4040 533 4092 pag·
549 4018 596 4079 631
622 4019 694 4074 coll
712 4024 802 4074 Matri·
854 4021 964 4074 Alcaico
982 4028 1041 4087 θείς
1059 4035 1119 4073 nem
1140 4024 1236 4076 floruit
1249 4042 1288 4078 aa.
1299 4017 1342 4079 711·

292 4106 805 4173 111648.llicSermodesideraturinop.
863 4110 867 4116 '
895 4099 971 4173 (dlln
992 4103 1097 4160 colica.
1111 4105 1305 4162 carrucatas
1318 4107 1354 4160 lt·
1379 4070 1406 4267 ξ

293 4197 396 4250 Alcuini
420 4202 482 4249 edit.
498 4199 623 4250 'Andreae
645 4196 804 4261 Quencetaai
855 4188 996 4248 11111768.
1010 4196 1083 4265 lom.
1101 4194 1153 4245 ΧΗ
1163 4194 1258 4248 colli
1295 4231 1301 4245 .
1380 4236 1383 4241 .

292 4283 408 4334 Lutetiae
417 4279 483 4336 1617
496 4284 545 4336 rol·
555 4298 600 4335 un.
609 4282 654 4334 tal.
667 4281 805 4334 ALabbeo
856 4281 862 4289 '
893 4272 1169 4348 (5)1nrs.·r0n.xrn
1182 4283 1236 4335 col.

1382 4378 1403 4513 1

1364 4522 1385 4849 1
