2828 4904
96 1957 259 2069 qnidam
275 1950 489 2034 decretam
508 1946 607 2029 lieet
625 1942 676 2038 ab
694 1972 782 2031 nna
807 1948 913 2037 Sede
935 1950 1166 2067 apostoliea

96 2094 152 2174 sit
180 2081 498 2199 eapeotandnm,
528 2077 594 2159 nil
621 2094 758 2162 tantan
778 2084 982 2193 potibat,
1013 2089 1165 2193 qaomi·

96 2244 174 2305 nas
196 2216 256 2301 ad
281 2209 518 2325 anyendant
537 2211 737 2293 scientiae
758 2215 1060 2324 supellectilem
1083 2218 1169 2323 pri

96 2351 185 2433 nati
199 2345 406 2446 homines,
419 2342 631 2437 rationum
646 2345 864 2425 momentis
878 2369 1012 2450 aeqna
1030 2346 1172 2424 atrine·

97 2505 172 2590 qne
194 2477 321 2559 lanae
340 2473 544 2585 pensatis,
570 2468 789 2552 ostendant
813 2488 852 2552 et
875 2471 1000 2556 hasce
1023 2476 1195 2554 verita.

97 2613 150 2692 tis
168 2620 295 2688 notas
318 2604 490 2683 minime
515 2603 564 2680 in
583 2603 826 2710 praesentia
848 2602 1168 2705 desiderarint

98 2738 376 2849 danmatione
390 2731 681 2843 definitionem
699 2734 755 2813 iis
770 2758 856 2812 non
871 2736 1077 2815 immerito
1091 2758 1178 2842 pos·

105 2893 146 2949 sa
153 2864 337 2981 fnlciri.
358 2862 454 2943 Htta
466 2886 596 2972 porro
611 2877 694 2942 tota
714 2878 871 2970 qnanta
889 2879 950 2946 est
971 2862 1179 2973 diriqitnr

105 2991 479 3080 lantbratinnonla
503 3017 606 3093 mea,
636 2997 686 3071 in
709 3019 791 3102 qna
812 2993 1033 3104 ansineni,
1058 3021 1179 3103 qnam

100 3127 204 3208 milti
232 3125 476 3237 praestitui,
499 3125 722 3233 attiqernn,
749 3120 936 3236 prtifaoto
965 3125 1180 3237 affirmare

102 3284 186 3339 non
206 3255 356 3340 audeo.
392 3250 513 3334 Ittna
541 3269 678 3334 tamen
699 3281 832 3337 annm
853 3282 916 3336 tne
938 3259 985 3335 in
1006 3255 1092 3338 leae
1110 3256 1182 3338 dit

108 3385 304 3471 bitatione
322 3385 497 3486 solatur,
521 3384 629 3492 qaod
649 3383 763 3468 leison
787 3385 1041 3497 temporibus
1067 3412 1184 3496 qaae·

108 3523 237 3602 stioni
254 3517 487 3634 finiendae
516 3542 605 3597 non
632 3518 928 3622 incommodis,
963 3522 1078 3602 oiatn
1114 3514 1186 3632 eqo

110 3653 235 3760 prior
261 3649 333 3732 tttt
361 3648 625 3748 reolnseritn,
658 3655 780 3757 qnam
804 3648 885 3728 alii
903 3645 1099 3762 fortasse
1114 3673 1184 3731 oa·

112 3781 263 3864 lidiori
288 3795 424 3861 mente
442 3775 648 3887 pollentes
667 3802 718 3859 aa
741 3778 928 3889 pleniori
950 3779 1190 3881 eruditione

110 3925 373 4022 praestantes
400 3904 589 4020 folioins
622 3909 883 4021 postmodnm
918 3924 1188 4023 percurrent.

113 4040 222 4125 Mat
253 4043 361 4124 satis
380 4062 599 4148 saporque
629 4043 710 4122 erit
729 4036 916 4152 faotntn,
938 4043 978 4122 si
1000 4037 1111 4148 qnod
1135 4042 1194 4122 ni

100 4176 222 4260 riam
243 4195 433 4254 mearam
449 4171 670 4282 eniqnitati
688 4170 886 4254 inchoare
902 4171 1120 4256 dntntanat
1136 4184 1197 4254 est
