2828 4904
308 444 344 509 in
365 442 448 510 viris
470 449 583 529 agente
604 442 776 519 exarserit,
799 461 945 506 summus
960 437 1164 523 Pontifexut
1184 463 1235 524 eo,
1252 464 1321 530 quo
1339 466 1394 532 par

308 555 404 626 esset,
417 555 545 613 maturo
557 545 766 611 dirimeretur
787 546 946 624 examine,
972 545 1070 610 iussit
1092 554 1132 611 ut
1152 547 1264 612 omnia
1286 570 1393 617 moun

307 657 413 715 menta
436 671 519 737 quae
534 648 687 715 alterutri
702 648 877 713 sententiae
894 648 962 714 sive
979 647 1149 722 affirmanti
1173 649 1244 714 sive
1266 653 1392 737 neganti

305 750 415 819 lavere
437 751 637 831 viderentur,
652 774 694 817 ex
713 751 797 815 omni
819 751 1012 836 antiquitate
1035 751 1221 838 conquisita
1244 773 1391 838 congere

304 866 430 936 rentur,
454 876 520 944 quo
537 854 663 921 tandem
672 855 744 943 ipse
759 853 977 919 definitionem
996 854 1123 920 edicere
1139 862 1252 941 posset
1267 854 1399 942 dogma·

304 960 412 1028 ticam.
437 959 584 1047 Cumque
606 980 659 1025 res
675 960 708 1024 in
732 958 862 1044 longum
882 958 1101 1045 prolataretur
1121 958 1162 1025 ob
1186 961 1314 1046 negotii
1337 959 1389 1026 dii·

302 1062 490 1142 ficultatem,
513 1062 595 1149 ipse,
619 1083 655 1127 re
671 1083 734 1126 non
751 1059 892 1140 delinita,
909 1060 1049 1128 decessit
1064 1056 1118 1151 (ll.
1140 1062 1238 1128 Certe
1263 1062 1388 1151 quidem

299 1166 335 1237 in
356 1166 504 1233 Ecclesia
523 1187 586 1230 non
608 1165 719 1231 deerat
741 1165 849 1252 quoad
872 1166 959 1231 hunc
983 1165 1059 1232 fidei
1081 1166 1263 1235 articulum
1286 1168 1385 1236 divine

302 1271 460 1355 truditi03
491 1270 636 1358 alioquin
670 1292 846 1357 numquam
869 1272 897 1336 is
925 1270 1054 1337 definiri
1075 1273 1258 1359 potuisset:
1281 1295 1386 1341 verum

299 1397 364 1442 non
386 1373 537 1460 omnibus
558 1374 614 1439 illa
629 1383 699 1441 erat
721 1383 901 1461 comperte3
918 1374 1026 1442 divina
1048 1376 1178 1464 eloquia
1199 1376 1294 1443 haud
1316 1379 1385 1443 satis

300 1480 360 1546 hac
375 1481 410 1546 in
425 1502 461 1546 re
476 1488 553 1545 sunt
567 1479 739 1567 perspicua
744 1497 754 1563 3
771 1480 895 1558 Patres,
912 1488 950 1545 ut
964 1480 1116 1560 vidimus,
1129 1481 1163 1546 in
1179 1481 1293 1547 varias
1309 1482 1384 1549 ahie

300 1604 336 1651 re
348 1576 533 1668 sententiam
545 1582 699 1669 liturgiae
713 1585 802 1671 ipsae
818 1605 882 1649 non
896 1583 1054 1650 modicam
1069 1583 1301 1672 praeseferunt
1315 1585 1384 1651 dd

299 1687 453 1753 cultatem
468 1684 522 1775 (2).
539 1687 598 1753 His
617 1686 766 1752 omnibus
783 1687 949 1754 succurrit
967 1687 1044 1774 iuge
1060 1687 1232 1776 Ecclesiae·
1244 1689 1382 1775 magiste

299 1794 397 1873 rium,
410 1794 588 1860 communis
600 1802 767 1881 praeterea
778 1793 922 1859 fidelium
935 1813 1066 1878 sensus3
1076 1795 1134 1880 qui
1145 1793 1211 1859 alte
1223 1793 1308 1860 adeo
1320 1794 1381 1860 dei

299 1920 378 1963 xum
387 1898 459 1964 imis
472 1898 631 1964 habebant
639 1899 814 1977 mentibus,
824 1906 978 1986 purgatas
987 1899 1107 1963 animas
1117 1898 1229 1964 statim
1237 1898 1281 1964 ad
1288 1902 1380 1967 Deuu

298 2001 472 2069 videndum
486 2024 590 2090 eoque
607 2002 781 2069 fruendum
798 2002 935 2081 admitti,
952 2010 1068 2068 utnon
1083 2003 1258 2079 minimum
1280 2025 1379 2071 corun

297 2107 398 2171 animi
418 2106 469 2174 rel
485 2128 526 2171 ex
540 2108 611 2195 ipsa
634 2108 853 2173 controversia
875 2105 1000 2172 fuerint
1015 2109 1143 2187 offensi,
1160 2127 1250 2196 quae
1268 2109 1376 2176 suble

298 2231 380 2276 anne
402 2210 499 2276 XXII
522 2211 719 2298 agitabatur,
736 2220 768 2277 et
783 2211 879 2276 cuins
895 2210 1039 2277 definitio
1061 2212 1119 2277 diu
1141 2211 1242 2279 nimis
1268 2221 1370 2301 protre

297 2313 446 2381 debatur.

385 2416 486 2483 Aliud
500 2417 684 2506 exemplum
701 2420 846 2505 suppetit
862 2440 904 2483 ex
919 2417 1101 2484 definitione
1120 2418 1300 2486 tridentini
1312 2418 1367 2487 Cor

70 2546 167 2598 enirn,
188 2561 244 2600 coe
298 2522 369 2588 cilii
391 2543 470 2588 sess.
494 2519 549 2591 24.
575 2522 653 2588 Can.
675 2522 695 2586 7
718 2522 769 2586 his
796 2522 904 2589 verbis
926 2543 1095 2610 expressa:
1116 2523 1156 2588 St
1176 2530 1250 2612 quie
1276 2527 1371 2592 dicerit

70 2615 130 2678 ⁵⁰²5
299 2628 471 2694 Ecclesium
493 2650 627 2704 errore,
657 2650 727 2692 oum
750 2628 854 2694 docuit
880 2641 909 2694 et
931 2630 1036 2707 docet,
1057 2633 1151 2695 iectu
1173 2632 1373 2716 evangelicoe

298 2741 328 2797 et
342 2732 546 2818 apostolicam
569 2730 756 2807 doctrinam,
766 2743 898 2818 propter
924 2730 1115 2802 adulterium
1131 2732 1269 2796 alteriue
1285 2734 1372 2796 court

295 2856 371 2920 pum
394 2837 588 2900 matrimonii
611 2834 772 2900 viaculum
794 2857 856 2900 noo
874 2857 962 2922 posse
986 2835 1122 2902 dissolvi.
1215 2830 1371 2901 anatliema
1407 2916 1411 2923 υ

103 2475 141 2524 lix
154 2476 245 2528 inditi·

297 3029 445 3094 paginarum
461 3028 539 3078 lectio
549 3028 734 3095 suppeditabat.
743 3029 809 3081 Hinc
861 3031 924 3081 dere
935 3043 987 3080 uon
1005 3029 1152 3080 dissimulet.
1171 3029 1299 3085 §.autmu
1317 3028 1367 3078 lter«

295 3117 335 3164 est
355 3112 425 3178 quod
444 3113 488 3177 qui
506 3114 704 3165 millenariorum
732 3129 806 3167 erro·
857 3114 953 3165 nardus
966 3115 1000 3165 ita
1011 3111 1149 3178 Augustini
1161 3115 1290 3166 cancellos
1308 3119 1364 3164 nm

296 3211 350 3248 rem
364 3197 471 3262 amplexi
483 3202 552 3264 sunt,
564 3199 595 3248 eb
609 3199 638 3249 iis
653 3200 744 3250 eodem
766 3213 808 3248 ar·
859 3199 930 3266 suut,
948 3203 978 3248 ut
995 3199 1121 3250 iustorum
1143 3199 1276 3262 spiritibus
1298 3197 1363 3248 solen

295 3287 416 3346 gumento
427 3282 515 3333 futura
532 3289 591 3333 unte
608 3297 745 3347 corporum
763 3298 804 3335 re·
858 3285 1022 3336 humanitatis
1034 3285 1125 3335 Christi
1134 3285 1261 3336 visionem
1270 3298 1315 3334 seu
1325 3295 1360 3332 oo

294 3369 477 3419 surrectionem
489 3369 601 3419 benefica
620 3370 684 3421 risio
696 3371 805 3433 negabe-
857 3372 995 3433 gnitionem
1008 3372 1149 3422 concedere
1160 3370 1291 3421 rideatur.
1302 3370 1359 3420 mn·

295 3459 346 3504 tur.
359 3454 393 3507 Et
404 3453 519 3517 quemvis
528 3455 572 3518 qui
583 3456 662 3505 secuti
674 3462 743 3522 sunt,
752 3469 806 3505 ma·
857 3457 1007 3508 sentientem
1017 3457 1065 3506 isac
1077 3456 1102 3505 in
1111 3461 1183 3518 parte
1192 3456 1272 3508 hebet
1281 3455 1359 3505 clerae

291 3551 342 3601 gno
358 3538 444 3588 studio
461 3539 571 3589 eundem
588 3553 703 3591 errorem
721 3540 803 3603 impu·
855 3540 972 3592 vallensis
982 3538 1067 3589 Abbas
1078 3530 1358 3605 auctoremQuueetiou

293 3622 402 3688 gneum,
413 3621 630 3688 profligarintque3
640 3624 725 3673 tamen
736 3607 804 3673 circa
855 3619 894 3675 ud
904 3618 1085 3690 Ortdodocor,
1096 3635 1162 3686 qnae
1171 3624 1297 3676 hamanus
1304 3624 1359 3674 inter

290 3705 337 3757 [tei
349 3707 471 3756 visionem
483 3707 565 3756 adhuc
576 3706 720 3771 pendebant
736 3710 803 3758 anci-
855 3708 945 3758 tustini
956 3721 1033 3772 opere
1045 3707 1151 3759 fuerunt
1163 3709 1260 3760 editae.

289 3793 354 3857 pites
371 3823 400 3858 ,p
412 3793 573 3844 Postremum
594 3808 655 3845 tero
672 3795 721 3844 hoe
739 3809 801 3845 oon·
898 3788 934 3860 (1)
945 3794 983 3846 Cs.
1004 3795 1165 3858 Rayueldum
1182 3797 1216 3851 ad
1235 3809 1280 3846 an.
1292 3787 1361 3848 itit

290 3876 392 3926 iirmant
402 3881 457 3926 tum
465 3891 485 3926 s.
494 3873 704 3944 Augustini71um
714 3893 734 3928 s·
743 3879 802 3928 Ber·
859 3894 884 3929 n.
896 3873 940 3931 37.

287 3963 359 4012 nardi
370 3962 460 4024 agendi
478 3962 585 4012 ratione.
597 3963 624 4013 S.
634 3966 700 4014 enim
713 3963 802 4027 dugu—
900 3955 989 4026 (2tl3as
1002 3963 1036 4014 ol.
1046 3966 1114 4028 apud
1123 3965 1315 4019 Reueudotinm
1326 3961 1364 4016 di·

292 4048 371 4097 stinus
382 4048 421 4096 rel
433 4048 458 4096 in
469 4046 528 4110 ipsis
539 4049 768 4100 Retractutionihus
780 4062 803 4097 a·
856 4047 972 4114 turpius.
990 4046 1115 4101 oriented.
1129 4045 1252 4103 collectio
1269 4048 1366 4104 uentu

293 4132 363 4182 nimo
374 4131 450 4184 etiam
461 4137 516 4184 tum
528 4133 605 4183 dubio
622 4138 649 4182 et
657 4134 766 4196 ancipiti>
776 4147 803 4184 se
858 4131 952 4188 volum.
963 4131 1248 4205 conspredenra.l’aris.
1260 4132 1338 4191 1716.

295 4228 362 4284 erre,
374 4228 405 4266 rc
415 4215 478 4269 nihil
489 4229 565 4280 super
581 4215 631 4268 hoo
642 4215 747 4269 definire
758 4230 806 4268 eu·
