2828 4904
100 472 192 554 atque
220 466 270 530 uti
294 480 334 529 ex
354 462 416 530 lide
431 463 589 530 credenda
615 465 779 552 proposita
797 459 948 529 fidelibus
963 472 1012 528 est
1035 461 1187 532 diviuitas

96 573 241 637 omnium
268 581 301 637 et
323 569 529 657 singulorum
550 570 709 635 libroruin
731 591 807 636 cum
827 570 897 636 suis
916 569 1065 656 partibus
1085 570 1186 636 omui*

96 675 154 742 tus
169 687 274 765 prout
296 678 330 741 iu
354 677 495 741 editione
517 676 648 761 vulgata
673 677 736 761 legi
760 697 958 744 consuevere
982 672 1038 764 ll).

179 783 392 870 Quapropter
409 784 549 867 Magnus
562 781 742 865 Gregorius
758 780 791 845 iu
809 781 946 868 epistola
962 779 1011 846 dd
1025 785 1186 848 aniversae

96 885 193 972 liepni
219 883 408 949 childeberti
422 889 578 972 episcopos
594 905 653 970 pro
676 895 765 948 certo
782 882 816 947 id
833 882 897 948 sibi
919 904 1087 949 assumens
1107 884 1187 949 scri-

96 988 201 1055 bebat:
229 987 268 1054 Si
281 1011 377 1077 qaam
400 1007 473 1054 cera
490 993 728 1066 contentionem,
744 989 829 1075 qnod
843 991 932 1072 lonpe
955 988 1053 1071 saciat
1077 989 1186 1057 dr‘ct'aa

96 1100 248 1185 patentia,
274 1096 310 1160 de
332 1094 406 1184 fidei
426 1118 524 1160 cansa
549 1100 670 1160 eerraira
692 1099 879 1181 contiperit3
903 1107 962 1159 ant
983 1099 1141 1178 nepotinm
1157 1117 1187 1160 e·

96 1202 257 1275 malt,
288 1202 379 1262 caiae
409 1197 565 1261 aetnaeos
587 1201 626 1261 eit
649 1198 783 1281 sortasse
817 1196 971 1274 dubietas,
994 1208 1023 1260 et
1041 1214 1104 1284 pro
1127 1219 1187 1263 aaa

96 1299 308 1385 upadadene
331 1297 552 1363 retransire
570 1300 759 1385 apostolicae
775 1299 929 1384 indipeat3
948 1301 1130 1365 examinata
1143 1299 1189 1364 n·-

96 1407 240 1491 la'pente'ns
262 1409 416 1483 veritate,
441 1406 592 1470 relatione
616 1428 676 1468 aaa
701 1403 891 1492 (episcopus
914 1401 1120 1491 arelatensis)
1145 1405 1189 1472 ad

101 1523 236 1578 aaran
250 1510 375 1574 eradent
385 1509 556 1597 perducere
572 1515 749 1583 notionem
773 1519 927 1595 pantenus
943 1532 964 1574 a
981 1509 1068 1574 nolis
1083 1510 1190 1577 caleat

106 1635 240 1704 mnia
264 1619 327 1681 eine
352 1615 444 1681 dnbio
467 1620 619 1680 cententio
636 1620 804 1681 terminari
826 1612 881 1700 (ᾖ).
906 1615 1033 1681 Exinde
1057 1636 1083 1680 s.
1108 1615 1191 1683 Tho·

104 1738 159 1787 nas
195 1720 377 1808 generatim
400 1719 593 1784 constituit:
626 1719 695 1784 Hac
713 1723 870 1807 pertinere
891 1720 938 1784 ud
966 1724 1189 1787 anctoritatem

98 1830 207 1892 enni
226 1824 389 1913 Pontificio
400 1871 413 1902 ‚
436 1825 480 1889 ad
501 1845 591 1911 picem
613 1828 747 1887 maiores
769 1837 798 1888 et
821 1824 1008 1910 difficiliores
1032 1823 1190 1892 Ecclesiae

99 1934 289 2017 miriones
312 1931 506 2014 referantur,
531 1941 566 1993 nt
590 1929 707 1993 dicitnr
729 1933 763 1994 in
786 1928 909 1993 llecret.
926 1929 996 1994 dial.
1021 1925 1066 1997 43
1161 1941 1191 1997 et

102 2030 183 2102 tatu
208 2039 297 2100 ratio
321 2044 378 2110 eet,
392 2037 469 2119 qaia
491 2055 559 2097 nna
575 2033 648 2119 fider
664 2032 747 2096 delet
771 2055 831 2099 esec
854 2036 954 2105 totins
967 2033 1126 2099 Ecclesiae
1147 2055 1193 2102 aa·

100 2138 233 2204 undana
252 2134 340 2200 illnd
361 2136 387 2199 1.
419 2135 463 2198 ad
491 2133 565 2199 Cor.
589 2134 624 2199 2:
648 2135 788 2221 idipsam
811 2136 924 2201 dicatis
951 2158 1054 2202 amnes
1078 2147 1106 2201 et
1128 2157 1194 2209 nan

96 2248 148 2312 u'tt
168 2248 211 2308 in
233 2241 321 2306 cobis
350 2240 527 2307 redamatu.
555 2240 648 2316 and
669 2246 794 2308 cervari
808 2263 873 2307 nan
891 2247 1082 2329 parschalci
1098 2264 1193 2331 puae-

96 2354 144 2415 tio
157 2348 241 2440 fidei
255 2347 291 2411 de
305 2346 364 2435 fide
380 2357 493 2411 exorta
516 2347 737 2412 determinetur
748 2367 808 2434 per
823 2368 911 2426 enm,
935 2353 993 2434 pai
1013 2352 1073 2413 toti
1086 2348 1194 2434 Eccle-

96 2457 151 2521 διο
168 2460 323 2538 praeest:
347 2462 383 2516 nt
405 2456 449 2514 sic
469 2454 535 2516 eins
555 2457 708 2517 sententia
731 2454 863 2540 firmiter
886 2463 1042 2518 teneatur.
1068 2451 1110 2518 dt
1124 2451 1194 2528 ideo

96 2556 261 2625 rat-*solam
283 2561 506 2622 anctoritatem
529 2561 643 2621 rammi
657 2556 818 2646 Pontificio
837 2562 978 2646 pertinet
999 2580 1084 2624 noca
1101 2556 1194 2625 addae

96 2660 250 2750 dyaboli,
271 2665 353 2726 sient
371 2674 401 2726 et
423 2666 529 2726 omnia
545 2661 612 2726 alia
628 2684 708 2748 qaae
721 2667 880 2750 pertinent
900 2663 944 2727 ad
964 2675 1063 2729 totam
1086 2663 1194 2729 Eccle—

96 2773 174 2834 n'esn
186 2760 252 2851 (3).
270 2765 385 2852 ltaque
397 2765 431 2830 in
447 2767 615 2831 catholicis
626 2768 857 2833 controversiis
870 2766 961 2833 nulla
972 2777 1022 2833 est
1035 2770 1208 2856 praescri-¹
1268 2771 1271 2778 '

96 2872 203 2940 beuda
228 2873 406 2939 coarctatio
421 2871 462 2937 ad
478 2894 516 2937 ea
534 2880 659 2937 tantum
673 2895 757 2960 quae
769 2895 923 2961 expresse
946 2882 1023 2940 suut
1038 2873 1192 2944 revelata·
1267 2886 1270 2896 '

187 2976 248 3042 llis
271 2973 413 3053 addunt,
438 2975 700 3041 adversariorum
725 2974 888 3042 theorema
911 2975 1124 3043 novatoribus
1148 2973 1196 3042 la·

96 3100 186 3160 vere,
204 3082 262 3168 qui
280 3080 361 3145 nihil
377 3081 467 3145 aliud
487 3080 526 3145 de
541 3080 608 3146 tide
628 3079 864 3146 admittendum
887 3102 958 3146 esse
982 3076 1193 3162 contendunt,

96 3204 197 3275 quam
233 3183 322 3273 quod
357 3172 511 3273 expresse
540 3185 574 3250 iu
606 3185 705 3251 verbo
741 3186 802 3252 Dei
833 3186 1066 3266 contineatur,
1094 3194 1194 3274 atque

96 3288 164 3358 hac
186 3291 226 3359 de
256 3313 357 3359 eausa
387 3290 576 3356 inficiantur
604 3290 783 3357 Ecclesiam
815 3297 873 3357 aut
895 3312 1065 3360 romanum
1088 3290 1196 3367 Ponti·

96 3393 195 3462 fleam
217 3396 361 3462 iudicem
385 3417 456 3461 esse
471 3397 790 3475 controversiarum,
815 3404 915 3489 prout
938 3396 1002 3462 iam
1025 3404 1100 3464 unta
1127 3393 1196 3473 aui·

102 3502 322 3568 madverterat
339 3502 535 3567 Cuthariuus
553 3497 608 3589 (ll)
650 3489 651 3492 Ἴ
727 3589 729 3594 .
1152 3565 1156 3573 ,

192 3606 275 3672 Cum
292 3627 367 3671 vero
384 3605 646 3692 praestabilitum
661 3603 798 3673 firmiter
815 3603 898 3673 illud
919 3604 962 3672 stt
981 3600 1197 3696 principiam,

96 3704 190 3776 iaud
212 3711 397 3777 necessario
420 3709 460 3774 ad
484 3709 626 3776 alicuius
649 3710 782 3777 articuli
805 3711 1032 3794 definitionem!
1052 3710 1197 3798 requiri,

106 3814 208 3882 utlaio
229 3816 263 3880 iu
284 3815 346 3882 Dei
370 3814 469 3883 verbo
489 3815 612 3908 scriptp
632 3823 691 3881 aut
715 3814 834 3882 tradito
861 3796 1015 3903 eirpresse
1039 3805 1217 3881 coutinen-¹

126 4005 174 4075 n)
192 4011 262 4062 sne
275 4008 322 4060 rr.
480 4037 483 4042 -
702 4001 736 4076 (4)
757 4011 787 4062 n
802 4006 990 4081 armenicae
1007 4001 1059 4080 'pre
1076 4011 1200 4081 maen

103 4124 106 4131 f
137 4084 171 4160 Ω)
189 4096 247 4146 cn.
270 4094 382 4160 rupae.
401 4088 446 4148 54.
468 4096 532 4162 opp.
555 4096 616 4150 aare
670 4085 1201 4167 rnaurrrpnncnnpnone,nucu

105 4174 476 4242 annuntiatricum.
669 4170 820 4250 “lilla-..5112
920 4230 921 4234 ,
964 4221 966 4225 1
1001 4225 1005 4232 .

142 4253 422 4329 ffl22nth
770 4251 810 4274 ’·
