2828 4904
746 300 923 372 -42-

294 416 388 482 Honc
404 413 527 476 ‹lomnrn
538 410 602 474 non
615 410 715 474 solnm
726 409 877 474 Done'nns
892 410 1079 496 aedificavit,
1090 436 1160 479 cnm
1175 438 1243 482 eon
1254 422 1289 481 in
1300 417 1372 481 oloo

222 572 224 578 ,
293 522 493 583 matrissuae
510 513 618 579 Annae
635 520 811 599 octopesinto
829 516 875 579 on
892 515 929 579 ob
945 521 1010 579 eins
1027 516 1113 598 [octo
1129 522 1257 586 corneli
1271 541 1372 584 concc-

70 1383 173 1433 Festum
182 1379 246 1430 San-

69 1451 229 1501 ctificationis

70 1524 95 1572 in
122 1521 229 1572 ecelesia

71 1592 250 1643 sntrrinenta·

71 1663 140 1712 ioris.

289 627 410 709 ptione,
426 618 484 682 sibi
506 622 642 681 nnintont
656 617 783 700 infudit,
798 623 889 680 irneno
913 623 1005 681 ctione
1022 621 1146 705 plenius
1173 644 1240 686 eom
1262 623 1370 686 ibidem

294 713 502 810 sanctificavit
519 715 571 806 (1)
597 721 634 784 ln
655 720 769 785 Officio
791 719 919 784 demum
947 720 1033 806 quod
1048 721 1082 786 in
1098 723 1271 789 Germania
1292 725 1373 789 obti-

296 826 369 891 nuit
384 826 419 889 in
435 821 518 887 festo
534 844 559 887 s.
576 823 742 888 Elisabeth
758 824 836 888 haec
858 821 957 889 verba
977 834 1164 890 occurrunt:
1182 828 1286 892 Beato
1309 828 1374 891 Vir-

294 952 333 1016 po
349 929 458 995 Morio
484 928 554 993 licet
573 928 671 1014 pleno
695 932 816 1013 pretio,
840 939 943 993 tomen
960 950 1039 992 enen
1064 929 1166 1014 fomite
1193 943 1274 996 noto
1303 931 1375 1017 fnit,

296 1055 384 1122 qnenc
413 1044 516 1097 tanen
545 1036 646 1097 oirtns
673 1031 826 1097 alentini·
848 1037 883 1098 in
912 1037 978 1119 ipso
1004 1044 1137 1121 tenpore
1171 1039 1374 1122 conceptionis

300 1136 416 1204 Cbrr'sli
429 1140 563 1202 entinocit
580 1131 635 1223 (2).
1147 1124 1151 1132 '

385 1237 448 1306 Sed
464 1261 567 1326 neque
585 1238 712 1304 silentio
727 1246 777 1337 est
791 1239 1072 1326 praetereundum,
1096 1242 1131 1306 in
1153 1242 1299 1307 Ecclesia
1324 1263 1371 1305 ro-

297 1366 400 1425 mana,
425 1351 506 1408 teste
522 1342 640 1408 alvaro
656 1343 784 1430 Pelagio
808 1343 945 1433 sylvensi
967 1346 1001 1408 in
1023 1345 1191 1409 Lusitania
1213 1344 1374 1432 episcopo,

299 1468 420 1512 morem
442 1445 565 1510 iamdiu
588 1445 836 1527 obtinuissent
857 1445 976 1512 festum
999 1448 1219 1513 celebraretur
1234 1447 1378 1534 Sanctifi-

301 1556 431 1616 cctionis
454 1549 541 1637 apud
569 1572 594 1615 s.
620 1551 758 1616 Mariam
780 1551 947 1616 Maiorem.
980 1551 1033 1617 Sic
1060 1551 1145 1615 enim
1167 1551 1237 1637 ipse
1262 1550 1380 1614 Concess

301 1653 421 1742 ptionis
446 1651 566 1718 festum
581 1653 766 1741 improbans
782 1652 906 1719 scribit:
934 1656 1077 1719 Ronono
1103 1655 1244 1718 Ecclesia
1269 1652 1378 1737 [estnec

306 1755 518 1844 conceptionis
544 1780 607 1822 non
633 1763 711 1841 opit,
726 1763 782 1822 etsi
808 1759 927 1835 toleret,
942 1758 1024 1844 qnod
1039 1757 1156 1821 olicnbi
1175 1758 1232 1843 fiet
1247 1761 1378 1820 monime

302 1867 335 1926 in
353 1862 483 1946 Anglio,
498 1884 561 1926 non
578 1873 680 1926 tomen
705 1861 860 1948 approbet
863 1909 920 1925 .....
940 1861 1012 1925 Hoc
1035 1866 1155 1927 ratione
1169 1861 1252 1925 illnrl
1272 1858 1379 1943 [eston

303 1965 386 2030 debet
412 1966 526 2049 referri
540 1967 583 2030 od
595 1969 867 2055 sanctificationem
895 1965 1041 2050 Virpinis,
1055 1988 1117 2029 non
1144 1964 1187 2030 od
1205 1962 1380 2050 Conceptio-

299 2093 380 2134 nnn:
396 2083 424 2135 et
438 2075 484 2136 ito
507 2071 580 2135 dicit
602 2077 714 2148 oratio,
731 2094 810 2158 qnae
837 2072 952 2136 dicitnr
973 2076 1006 2136 in
1032 2070 1088 2135 boc
1113 2071 1187 2154 [esto
1202 2070 1323 2133 Romae
1347 2074 1377 2131 in

303 2197 327 2239 s.
347 2174 455 2240 Morio
482 2175 614 2241 Maiori:
629 2199 708 2240 nans
731 2199 785 2253 our
811 2197 1133 2240 sancerrrcnrronnn
1156 2195 1307 2238 Vraornrs
1324 2179 1381 2235 etc.

304 2277 395 2343 Sient
410 2280 478 2343 cidi
492 2290 523 2343 et
539 2280 650 2344 onelioi
671 2301 741 2342 cnen
756 2277 800 2341 ibi
822 2279 857 2343 dc
871 2283 931 2343 isto
954 2280 1195 2366 sanctificatione
1217 2276 1382 2362 praedico-

302 2405 366 2447 rent
381 2388 415 2447 in
430 2388 487 2448 isto
514 2383 589 2468 [esto
604 2386 858 2473 sanctificetionis
877 2382 960 2468 qnod
983 2384 1066 2469 fitin
1082 2380 1231 2445 decembri
1246 2390 1319 2444 onte
1344 2379 1362 2462 f
1372 2414 1382 2424 -

302 2498 384 2551 stnne
410 2487 537 2553 Notolis
552 2486 725 2574 quindecim
740 2487 802 2550 dies
832 2483 885 2574 (3)
914 2483 1008 2562 Quod
1031 2490 1274 2548 monumentum
1297 2491 1383 2569 prae-

306 2589 402 2675 cipue
426 2598 522 2676 urget
544 2589 725 2667 Launoius‚
749 2588 891 2653 utillud
916 2588 998 2652 sixti
1023 2588 1066 2651 lv
1091 2585 1379 2651 Constitutionibus

200 2738 211 2757 .
307 2700 446 2778 opponat
473 2689 527 2780 (b).
557 2690 723 2779 Siquidem
745 2693 894 2779 Pelagius
917 2692 969 2756 hic
992 2692 1146 2777 hispanus
1169 2689 1283 2755 floruit
1307 2709 1382 2753 anno

94 2834 214 2885 concilia.

309 2792 408 2875 1325,
427 2795 510 2861 obiit
523 2816 599 2863 vero
616 2797 703 2861 circa
719 2818 836 2862 annum
853 2793 951 2864 1340.

374 2900 425 2965 nd
438 2901 516 2966 haec
527 2901 598 2988 ipsa
614 2899 731 2966 referri
747 2910 882 2988 possunt
901 2899 1119 2966 Conciliorum
1135 2905 1168 2962 et
1182 2917 1385 2962 romanorum

206 3087 208 3091 Ι
268 2994 271 3000 ’
309 3004 500 3070 Pontificum
517 3006 708 3070 testimonia.
733 3008 858 3071 Verum
881 3027 922 3070 ex
938 3004 1090 3089 Conciliis
1107 3003 1232 3066 nullum
1256 3002 1383 3087 penitus

206 3164 207 3168 ,
309 3116 369 3188 est,
388 3110 474 3195 qnod
489 3131 640 3195 expresse
656 3110 695 3174 de
711 3110 771 3175 hoc
786 3109 944 3197 peculiari
966 3115 1040 3194 agat
1063 3112 1264 3193 argument03
1282 3125 1383 3191 neque

258 3295 261 3302 Ι
310 3213 431 3278 inillis
460 3214 671 3300 reperiuntur
698 3214 761 3278 nisi
790 3212 953 3298 generales
981 3211 1179 3287 sententiae,
1204 3208 1329 3294 quibus
1355 3207 1385 3269 in

310 3339 418 3400 omnes
441 3326 571 3405 praeter
586 3339 683 3405 qnam
698 3318 733 3382 in
750 3317 914 3383 Christum
932 3314 1142 3403 primigeniae
1158 3311 1307 3376 maculae
1324 3330 1389 3397 pro

351 3569 386 3639 (1)
404 3574 469 3622 ibid.
836 3556 842 3566 ⁵
877 3567 944 3621 Min.
957 3571 1017 3634 (erat
1027 3571 1117 3633 quippe
1129 3568 1255 3632 minorita)
1265 3568 1292 3615 in
1301 3563 1387 3625 verbo,

348 3649 383 3721 (2)
402 3659 471 3706 ΠΜ·
558 3680 562 3688 ·
880 3652 997 3705 Aloorne
1009 3649 1145 3719 Pelopeius,
1154 3653 1215 3703 edit.
1225 3652 1302 3702 Rom.
1314 3642 1389 3709 1650,

357 3735 498 3800 (bllniibd
510 3737 550 3791 De
563 3737 676 3793 Planeln
685 3736 823 3792 Ecclesiae
875 3752 930 3801 pag.
949 3732 992 3802 15,
1004 3736 1047 3786 ici.
1060 3729 1181 3800 27coram
1200 3737 1297 3782 loanne
1318 3730 1385 3780 xxti

313 3837 337 3872 e.
348 3818 376 3876 51
392 3827 459 3889 apud
477 3827 593 3876 eumdem
606 3826 825 3874 Turrecrematam
877 3837 1018 3872 sermonem
1039 3822 1147 3886 habuit,
1165 3834 1217 3885 quo
1243 3818 1388 3866 dilationem

277 3911 281 3921 '
314 3922 356 3972 op.
367 3912 411 3960 cit.
421 3916 486 3974 part.
495 3905 522 3976 6,
533 3924 555 3959 c.
566 3904 608 3960 35.
621 3909 768 3958 acerrimus
781 3909 822 3957 hie
875 3906 975 3957 visionis
987 3905 1117 3954 beatificae
1138 3900 1323 3965 postfuturum
1336 3913 1389 3948 cor-

314 3992 362 4042 iuit
378 3997 406 4045 Β.
415 3994 526 4058 Virginis
538 3994 712 4055 conceptionis
732 3994 821 4041 imma·
874 4006 964 4055 porum
981 3991 1192 4040 resurrectionem
1210 3984 1387 4050 propugnavit.

314 4080 414 4129 culatae
431 4081 598 4144 impugnator:
609 4084 684 4141 atque
701 4079 825 4128 Waddin·
913 4070 945 4141 (4)
965 4069 1149 4138 Praescripi.9.

317 4181 348 4229 go
359 4172 422 4219 teste
430 4166 456 4217 in
465 4166 509 4217 tib.
520 4161 561 4217 De
570 4159 748 4232 scriptoribus
760 4158 825 4212 Orci.
