2828 4904
289 427 362 492 vina
395 426 559 513 Sapientia
582 426 668 493 dicta
700 427 794 495 sunt:
823 429 891 516 Ego
924 454 963 497 ea
991 454 1043 498 ora
1076 431 1227 500 altissimi
1243 437 1376 523 prodivi

283 538 492 619 primogenitu
516 545 587 604 unte
609 555 726 599 omnem
749 547 945 618 creaturum3
973 536 1124 603 videlicet
1146 539 1257 627 quoad
1284 563 1375 628 prae

289 636 534 703 destinationem
557 645 589 702 et
615 639 763 722 gratiam,
780 660 845 725 qua
868 639 981 705 idonea
1011 639 1097 707 sacta
1124 640 1190 707 fuit
1217 652 1258 708 ut
1288 667 1376 710 eum·

289 739 361 803 dem
384 739 504 804 Filium
530 739 564 804 in
591 761 688 806 carne
710 742 867 828 gigneret,
896 743 954 829 qui
978 741 1018 808 ab
1041 751 1173 810 aeterno
1196 746 1231 810 in
1256 754 1374 815 natura

290 844 397 910 divina
432 867 451 910 a
481 846 577 911 Patre
607 846 764 933 gignitur.
797 848 1005 935 Quapropter
1036 843 1240 916 sanctissime
1274 853 1376 941 Virgo

289 967 327 1023 ea
354 946 603 1034 cuiusquemodi
631 949 812 1014 sanctitate.
830 948 938 1014 dotata
962 971 1032 1015 esse
1046 949 1184 1030 debuit,
1202 973 1294 1040 quae
1324 955 1377 1020 ali·
1404 998 1406 1007 ι

289 1061 451 1137 quatenus
482 1073 557 1116 cum
588 1052 652 1118 Dei
681 1053 787 1140 ipsius
820 1054 1002 1141 comparari
1032 1056 1202 1121 sanctitate
1245 1067 1377 1145 posset,

288 1178 438 1243 quaeque
461 1156 596 1244 proinde
623 1157 658 1222 in
681 1166 838 1245 perpetua
855 1180 875 1223 a
891 1158 1038 1232 cuiusvis
1061 1159 1176 1248 culpae
1203 1170 1307 1227 reatu
1326 1165 1377 1229 im

289 1262 447 1325 munitate
476 1261 677 1326 consisteret.

294 1417 297 1432 2
378 1369 491 1454 Neque
515 1366 649 1431 minoris
677 1373 727 1432 est
753 1367 879 1433 roboris
910 1367 993 1433 illud
1024 1370 1259 1454 congruentiae
1284 1378 1380 1459 argu·

286 1479 431 1534 mentum
453 1472 541 1559 quod
557 1473 741 1539 arctatione
758 1473 953 1551 desumitur,
966 1494 1050 1560 quae
1062 1473 1121 1539 hac
1134 1474 1204 1560 ipsa
1222 1474 1265 1540 de
1283 1497 1381 1563 causa

65 1561 236 1683 fhffioffiz
287 1576 373 1640 inter
385 1575 602 1643 beatissimam
618 1579 785 1665 Virginem
797 1578 967 1649 intercedit
983 1599 1020 1642 ac
1036 1577 1195 1665 Spiritum
1209 1578 1379 1661 Sanctum¹

59 1647 118 1755 iffi
138 1703 236 1767 spiritu
289 1682 385 1746 euius
415 1682 471 1747 illa
502 1705 618 1771 sponsa
646 1692 695 1749 θεῖ
726 1692 923 1770 nuncupata.
940 1683 1069 1748 Etenim
1092 1683 1239 1771 Spiritus
1258 1685 1293 1751 S.
1314 1685 1380 1753 inn-

56 1773 86 1824 3·
289 1794 362 1851 ctus
379 1793 429 1851 est
444 1786 514 1853 viee
530 1788 594 1854 viri
610 1809 684 1852 cum
701 1789 774 1852 eius
791 1795 922 1853 uterum
939 1784 1156 1867 foecundavit,
1173 1788 1276 1854 iuxta
1304 1789 1381 1857 iiiut
1404 1864 1406 1869 ,

290 1888 378 1975 quod
394 1889 516 1976 legitur
531 1891 611 1956 Luc.
626 1892 651 1968 i,
671 1888 712 1955 55
727 1911 736 1954 t
761 1890 898 1979 Spiritus
921 1890 1057 1955 Sanetus
1079 1897 1380 1977 supervenerint«,
1401 1878 1406 1933 3

289 2003 325 2057 et·
340 1996 441 2062 virtus
464 1993 616 2058 altissimi
636 1993 830 2059 obumbrabit
845 1994 902 2058 tibi
917 1988 971 2079 (i).
1000 1992 1092 2058 Licet
1118 2014 1197 2058 vero
1236 1984 1379 2082 spiritale

281 2097 448 2163 ‘eiusmodi
465 2096 664 2163 connubium
684 2106 941 2163 consummatum
964 2096 1066 2163 veluti
1095 2096 1199 2162 inerit
1225 2098 1262 2163 in
1281 2100 1376 2166 incar.

208 2230 212 2240 ·
288 2202 428 2269 nationis
455 2202 621 2292 mysterio,
654 2203 839 2268 inchoatum
863 2211 969 2268 tamen
986 2210 1047 2267 ,θεῖ
1068 2201 1103 2276 in
1130 2201 1243 2288 ipsius
1273 2203 1367 2288 Virgi-

288 2307 340 2374 nis
363 2306 557 2387 eonditione,
582 2310 632 2374 nti
656 2306 893 2373 animadvertit.
906 2305 1083 2372 Gersonius
1108 2303 1275 2372 scribens:
1304 2307 1369 2372 ut-

288 2429 354 2482 tam
375 2416 531 2500 Virginem
554 2421 668 2503 respice
681 2419 784 2502 primo
801 2415 889 2477 modo
909 2413 981 2477 dum
998 2412 1035 2476 ob
1054 2416 1190 2476 instanti
1204 2435 1292 2478 suae
1301 2433 1375 2489 areu

288 2525 382 2585 tionis
414 2523 575 2586 initiatum
607 2532 650 2585 θεῖ
681 2524 914 2584 matrimonium
943 2539 1012 2582 cum
1040 2529 1166 2581 aeterno
1184 2515 1371 2604 sponsaliae
1401 2576 1406 2613 Ι

284 2649 345 2714 per
367 2627 498 2694 arrham
519 2627 603 2718 fidei,
624 2631 701 2715 spei,
725 2625 888 2692 eharitatis
905 2637 934 2688 et
951 2635 1124 2688 ceterarum
1140 2627 1295 2690 uirtutum
1317 2621 1367 2710 (2)
1395 2616 1406 2737 p

289 2731 372 2796 Cum
394 2732 498 2818 igitur
525 2732 654 2796 dlvinus
679 2729 822 2817 Spiritus
840 2729 876 2792 B.
900 2727 1069 2813 Virginem
1093 2727 1294 2812 peculiarem
1313 2724 1398 2819 sitiii

289 2857 437 2923 sponsam
460 2835 536 2901 olim
564 2833 710 2900 futuram
726 2856 786 2921 per
808 2831 945 2919 gratiam
970 2830 1280 2917 praedestinaverit,
1299 2851 1406 2928 eam„

289 2963 352 3028 que
374 2940 514 3008 velutin
531 2939 687 3027 spiritalis
704 2938 859 3003 connubii
875 2936 994 3023 pignus
1010 2956 1068 2999 seu
1084 2935 1118 2999 in
1135 2936 1271 3001 arrham
1291 2954 1365 3024 spon
1384 2986 1406 3032 υ

290 3046 429 3112 salitiam
452 3046 602 3113 omnibus
625 3044 805 3110 virtutibus
822 3045 856 3109 in
873 3043 944 3130 ipso
961 3041 1136 3107 creationis
1152 3039 1359 3109 momentoii
1382 3090 1406 3135 Ε

290 3150 428 3228 taverit,
452 3148 598 3236 proiecto
627 3148 907 3234 iuremeritoque
930 3142 1072 3209 infertur
1094 3143 1168 3209 eius
1194 3134 1356 3211 animanti
1378 3193 1406 3240 ,Ε

289 3253 414 3338 peccati
438 3251 707 3319 contaminatione
730 3250 867 3316 liberam
892 3247 1047 3316 voluisse.
1372 3280 1406 3487 Γ

326 3426 360 3500 (1)
381 3434 509 3496 Repertus
536 3433 612 3483 abhas
639 3431 675 3482 sie
699 3433 806 3495 exponit.
853 3425 958 3496 redens,
976 3423 1024 3480 aad
1036 3423 1155 3496 Spiritui
1168 3422 1288 3481 sanctu
1299 3424 1352 3478 mr

289 3517 488 3568 foecunditatem
500 3531 514 3566 a
526 3517 622 3581 Spiritu
640 3517 800 3568 §.tributam
853 3527 976 3582 operans,
995 3511 1133 3564 eaeuooit.
1166 3502 1350 3583 Commeat-pff!
1371 3486 1406 3661 ἶ

290 3603 320 3653 B.
332 3603 438 3665 Virgini:
452 3598 505 3653 iiie
515 3601 632 3667 (Spiritus
644 3599 681 3668 S.)
693 3602 800 3654 uterum
853 3595 955 3653 Muti.
974 3598 1033 3661 Cap·
1052 3599 1074 3665 i,
1092 3597 1158 3661 Opp.
1168 3599 1233 3648 edit.
1253 3593 1351 3649 Coloni·
1372 3666 1376 3683 Ι

211 3718 213 3724 ·
288 3685 439 3755 uirgineum
456 3686 565 3740 coelitus
583 3686 728 3754 irroravit,
746 3697 800 3737 non
853 3685 959 3748 Agripp-
978 3678 1057 3736 1577.
1076 3683 1151 3733 Tem.
1170 3684 1210 3732 111
1229 3698 1256 3746 p.
1273 3666 1351 3748 tt,t2

290 3771 324 3824 de
341 3785 391 3824 ruc
407 3770 565 3839 substantia,
577 3771 624 3824 aed
637 3771 669 3824 de
679 3769 801 3825 naturali
887 3764 924 3837 (2)
944 3770 1032 3818 Tract.
1050 3763 1140 3835 Super
1170 3763 1350 3854 Macnmcii
1373 3786 1406 3875 ,Γ

291 3853 401 3908 iuniore
417 3853 501 3922 ipsius
517 3854 687 3923 incorruptae
704 3855 802 3906 cornis.
855 3854 956 3916 ripun.
975 3847 1020 3919 73,
1037 3852 1100 3902 Litt.
1120 3850 1151 3900 (1.
1170 3851 1249 3914 apud.
1268 3850 1348 3907 Stroui
1373 3878 1379 3903 ,·
1401 3851 1406 3855 “

292 3937 328 3991 In
345 3953 398 4008 quo
416 3940 528 3994 miraei
557 3952 656 4006 magno
675 3937 804 3991 distentio
856 3938 930 3988 Tem.
948 3926 1350 4002 annunciationem
1374 3912 1385 3962 ἱ

192 4030 195 4036 “
269 4082 272 4088 4
292 4029 352 4091 rat,
369 4022 403 4075 uti
420 4023 493 4076 oanni
518 4029 644 4091 conceptu
661 4022 801 4076 universae
855 4027 954 4073 textum
973 4023 998 4071 in
1024 4036 1084 4086 opp.
1110 4020 1149 4070 lo·
1169 4019 1288 4072 Gereonii
1306 4013 1349 4068 etit·

291 4108 395 4165 carnia,
412 4104 804 4176 guieuimaementinumaocri
855 4106 932 4157 Eiiies
952 4107 1053 4156 lin-Pin
1072 4105 1176 4156 minimo
1196 4105 1292 4160 inveni.
1379 4118 1389 4145 ··

1386 4151 1390 4171 2

293 4191 420 4262 corporis,
437 4206 490 4246 non
513 4190 555 4244 aii·
574 4190 737 4244 rati-imerus
756 4203 799 4243 ar·
1378 4162 1406 4278 ζ
