2828 4904
296 467 366 512 cent
383 460 516 535 peccato·
534 447 608 531 fecit,
631 450 786 511 cntcerte
802 459 965 533 peceatum
987 446 1136 532 quomedo
1156 446 1374 529 necescitati

240 583 243 589 ·
296 553 388 630 ttttdo
410 575 473 617 non
497 551 617 635 defait?
631 549 704 616 'Na‘ec'
712 551 792 636 forte
808 557 876 638 qais
892 551 1018 616 dicotde
1027 550 1150 638 Spiritu
1162 551 1280 616 Soneio
1297 575 1371 629 can,

150 692 154 699 ·
177 657 182 671 '
245 656 249 685 ³
296 670 326 722 et
346 679 409 723 non
427 657 462 722 dc
476 663 553 723 otro
576 670 753 745 conceptam
774 656 884 741 scissa
908 656 959 720 sect
975 657 1008 720 id
1029 656 1176 722 hactenns
1199 659 1394 725 inuadit-un.

193 810 197 819 .
296 769 358 827 et'c.
386 763 507 849 Nempe
538 761 612 826 ideo
646 761 902 827 claraevallensis
926 761 1034 825 tlbbas
1065 750 1207 827 sanctam
1232 765 1373 849 Virginis

247 896 250 902 ·
297 866 536 952 conceptionem
558 864 723 930 inficiatur
738 866 816 952 quia
833 865 975 930 maritali
996 866 1165 953 complexu
1187 869 1296 953 genita
1320 877 1372 933 cst.

197 958 200 965 ’
249 968 252 975 ’
297 968 432 1033 Minime
455 989 530 1033 vcro
553 967 686 1053 perinde
717 980 879 1054 peccatam
901 968 1040 1054 appellat
1071 969 1236 1034 libidinem
1267 979 1374 1057 utpote

298 1072 420 1157 peceati
435 1090 577 1149 causam,
593 1071 688 1157 quasi
708 1071 872 1135 censuerit
887 1069 1054 1136 libidinem
1071 1072 1105 1137 in
1121 1074 1286 1159 coniugali
1307 1085 1375 1139 actu

296 1173 617 1259 formalautvocant,
631 1179 798 1257 peccatum
814 1192 894 1236 esse.
909 1172 1004 1250 Quod
1017 1173 1066 1239 vel
1083 1175 1244 1260 suspicari
1262 1176 1297 1240 in
1314 1184 1374 1240 tan-

298 1282 331 1341 to
347 1277 418 1342 viro
439 1274 528 1340 nefas
551 1285 645 1340 esset.
665 1277 756 1354 Quae
779 1296 854 1340 cum
878 1264 924 1340 ita
948 1276 1023 1355 sint,
1047 1283 1135 1363 patet
1158 1298 1183 1341 s.
1209 1280 1375 1344 Doctorem

298 1381 337 1446 de
359 1381 464 1467 prima
486 1380 631 1466 Virginis
649 1380 855 1466 conceptione
883 1399 979 1466 quam
1002 1386 1138 1446 ectc'eom
1161 1380 1296 1461 dicunt,
1319 1404 1377 1447 non

120 1513 123 1520 ¹
217 1511 231 1527 .,
299 1491 408 1549 autem
432 1483 471 1548 de
494 1483 707 1569 conceptione
712 1488 854 1570 passion,
876 1503 935 1549 seu
957 1483 997 1548 de
1021 1484 1225 1548 animationis
1243 1506 1378 1551 momen·

193 1602 206 1625 ‘²
233 1657 237 1663 ,
300 1594 344 1664 to,
367 1586 407 1651 do
424 1607 489 1674 qno
511 1607 569 1651 nos
593 1586 730 1672 agimus,
754 1606 824 1650 esse
847 1585 1002 1650 locutum.

70 1667 254 1785 minem]
312 1750 314 1755 .
390 1691 509 1776 Reipsa
525 1689 584 1754 boc
612 1709 708 1754 sensu
734 1695 883 1754 auctores
901 1709 925 1753 s.
945 1688 1109 1754 Bernardo
1132 1709 1292 1775 suppares
1315 1713 1380 1756 eon·

70 1804 113 1842 rea
139 1805 160 1841 s.
188 1792 251 1840 lier-

81 1861 154 1911 nardi
173 1873 241 1910 men-

71 1936 123 1980 tem
152 1931 253 1982 intelle-

71 2005 171 2052 xerunt.

303 1796 449 1878 ccpttonc'o
474 1789 669 1856 vocabulum
703 1810 879 1876 usurpasse
911 1789 1051 1855 ostendit
1085 1788 1296 1856 Mabillonius
1320 1788 1380 1879 (l);

305 1896 371 1974 Qui
394 1892 528 1982 proinde
551 1916 577 1959 s.
594 1893 752 1959 Bernardi
776 1894 870 1959 ellata
891 1893 929 1958 dc
953 1895 1159 1982 conceptione
1183 1900 1304 1974 cetico,
1327 1917 1379 1962 scu

867 2092 929 2140 ente
943 2086 1049 2140 entnoe
1066 2085 1224 2155 infusionem
1235 2054 1287 2141 ete.
1301 2089 1377 2152 Quam

865 2173 1073 2238 significationem
1091 2176 1262 2238 complectens
1280 2189 1304 2224 s.
1316 2175 1375 2225 Tho

338 2083 813 2170 (i)innoteidi.ineptst.l,xlllv.s.

200 2213 209 2231 ,
304 2173 812 2238 Bernardi‚col.Llill.ublscribit·Qua·

303 2256 334 2308 lts
354 2255 432 2308 luerit
449 2269 470 2307 s.
489 2257 611 2309 Bernardi
630 2269 702 2306 ruens
720 2256 746 2306 in'
768 2257 814 2306 bac

304 2341 473 2409 epistolanon
483 2354 533 2391 una
542 2345 568 2393 et
576 2340 664 2392 eadem
673 2345 712 2390 est
724 2329 815 2391 Docto·

247 2443 250 2450 ⁴
303 2440 361 2478 rum
379 2425 561 2491 antiquiorum,
579 2438 608 2474 ac
626 2424 815 2479 neotericorum

303 2511 437 2564 scatentia.
460 2509 543 2560 liuius
561 2509 713 2559 diversitatis
739 2522 815 2558 eausa

303 2570 424 2658 produxit
437 2606 468 2642 er
479 2592 577 2642 diversa
586 2592 732 2654 acceptione
744 2593 813 2640 vocis

307 2660 491 2745 conceptionis,
503 2691 578 2741 qnam
596 2676 670 2726 aliter
681 2661 813 2742 neoterici,

306 2763 380 2813 aliter
402 2768 520 2812 auctores
541 2762 671 2812 Bernardo
694 2775 813 2824 suppares

306 2837 471 2910 usurparunt.
481 2847 545 2898 Nam
559 2846 599 2895 isti
612 2826 714 2908 quidem
726 2858 816 2894 conce·

307 2930 400 2994 ptiouis
413 2932 514 2980 nourino
533 2929 705 2996 significabant
722 2943 814 2980 eonce-

311 3015 424 3078 ptioncm
441 3011 571 3078 activam,
593 3025 638 3061 seu
670 3012 814 3062 conflurmm

310 3099 411 3151 seminis
429 3097 460 3147 ad
479 3096 638 3147 formandum
651 3098 816 3148 embrionem.

308 3184 382 3234 Unde
392 3182 492 3234 utensis
501 3197 525 3245 p.
534 3177 618 3246 l.q.l.
630 3197 668 3231 ar.
676 3174 702 3231 2.
716 3179 815 3234 Conce-

309 3267 377 3335 pito,
397 3266 480 3330 inquit
491 3298 499 3331 ,
510 3263 572 3317 dicit
593 3263 813 3333 cornmtctioncm,

308 3364 379 3420 quoe
397 3361 434 3402 esc
448 3348 475 3400 in
490 3346 631 3416 principiis
648 3347 816 3404 seminaliter

308 3434 362 3494 utri
373 3438 398 3487 et
416 3430 534 3494 molieris
545 3439 594 3484 etc.
607 3435 736 3485 Necterici
755 3449 816 3486 vero

308 3520 498 3583 conceptionem
525 3525 628 3578 sumunt
650 3534 695 3592 pro
725 3535 815 3572 conce-

308 3605 394 3670 ptione
407 3602 526 3672 possiem,
543 3604 569 3654 id
589 3609 628 3654 est
648 3618 695 3667 pro
711 3605 816 3655 instanti

309 3689 363 3755 illo,
373 3702 425 3752 quo
433 3688 515 3737 anime
524 3689 624 3752 corpori
638 3690 686 3738 iam
694 3689 814 3740 edormi-

224 3809 231 3823 .
310 3772 817 3838 tointendimusnperioremconceptio-

234 3897 236 3905 ,
310 3857 349 3908 nis
361 3858 484 3908 rationem
503 3859 596 3909 elarius
607 3862 725 3923 exprimit
736 3859 817 3910 Alan-

867 2270 919 2306 mas
932 2257 958 2306 in
969 2257 1038 2321 Mag.
1049 2257 1108 2308 dist.
1117 2251 1143 2309 3.
1153 2272 1179 2322 q.
1189 2252 1294 2307 l.ar.l.
1308 2272 1331 2308 c:
1343 2255 1374 2310 tt

868 2337 918 2393 boc
926 2338 1077 2409 dncndnm,
1086 2343 1178 2410 lnquit,
1189 2339 1264 2410 qnod
1275 2339 1313 2393 B.
1328 2338 1377 2396 tt·

865 2437 900 2490 po
911 2438 962 2476 nin
979 2426 1042 2476 onte
1059 2423 1264 2493 conceptionem,
1292 2437 1340 2479 nec
1355 2422 1378 2478 in

869 2508 1033 2576 conceptione
1062 2511 1123 2561 ente
1142 2508 1250 2561 animae
1269 2506 1377 2580 insueto

866 2602 925 2641 nen
943 2587 1376 2659 sonctifiectcsit.Eanaqniden

867 2677 1074 2740 interpretatione
1091 2679 1216 2747 contigit,
1237 2684 1268 2730 ut
1294 2693 1376 2746 quam·

867 2763 904 2810 ris
925 2762 964 2810 isti
984 2762 1125 2830 Doctores,
1143 2764 1222 2814 immo
1243 2769 1270 2814 ct
1292 2763 1376 2816 Albec-

869 2852 911 2895 tus
930 2847 966 2895 Μ.
993 2850 1019 2897 et
1040 2861 1060 2897 s.
1086 2849 1289 2916 bonaventura,
1308 2850 1333 2900 in
1351 2862 1374 2900 aa

870 2928 965 2980 tuerint
976 2932 1111 2998 sententia,
1125 2932 1152 2980 B.
1164 2932 1297 2995 Virginem
1307 2935 1333 2984 in
1345 2934 1375 2984 ita

869 3014 944 3062 stanti
963 3012 1097 3064 infusionis
1115 3015 1213 3064 animae
1230 3014 1311 3068 luisse
1330 3031 1374 3082 pec

871 3103 929 3147 cato
950 3099 1065 3161 originali
1086 3100 1221 3150 obnoxiam
1240 3101 1326 3167 (quod
1344 3109 1373 3151 te·

868 3197 925 3232 men
945 3183 985 3231 alii
1004 3183 1166 3249 inficiantur),
1186 3199 1326 3251 numquam
1343 3192 1373 3235 u·

868 3280 926 3316 men
936 3281 960 3317 s.
976 3269 1133 3318 bernardum
1151 3270 1175 3318 in
1188 3268 1238 3318 bac
1255 3276 1326 3333 parto
1337 3270 1372 3319 nl·

870 3353 989 3402 duxerint
1001 3353 1026 3401 in
1040 3365 1100 3402 snae
1119 3355 1260 3404 sententiae
1276 3355 1374 3418 petroci·

870 3437 952 3503 nium,
962 3438 1072 3487 etmulti
1082 3435 1261 3503 allucinantur3
1273 3441 1317 3491 sed
1328 3447 1373 3490 tan·

870 3529 923 3573 tum
937 3538 967 3574 eo
981 3523 1019 3572 usi
1033 3524 1081 3572 sint
1093 3525 1123 3572 ad
1136 3524 1291 3586 praesidium
1304 3533 1329 3577 et
1339 3539 1374 3576 ar·

871 3611 1020 3669 gementum
1033 3607 1099 3657 tilius
1118 3608 1206 3674 partis,
1218 3624 1287 3674 quae
1304 3611 1375 3663 eidem

868 3694 896 3740 tt.
928 3692 1025 3755 Virgini
1050 3690 1279 3746 sarrctittcationem
1309 3697 1374 3758 negat

869 3782 927 3827 ante
947 3779 1045 3828 animae
1063 3777 1227 3830 infusionem.
1254 3782 1293 3831 tta
1317 3781 1375 3832 enim

868 3862 934 3912 inter
953 3869 1052 3913 ceteros
1063 3877 1181 3926 armasse
1199 3865 1278 3916 docet
1291 3865 1376 3917 diber-

311 3943 354 4006 sis,
371 3942 525 4004 quaestionis
535 3945 585 4010 iam
598 3944 690 3994 citatae
700 3935 726 3992 2.
739 3957 775 3994 ar.
788 3942 813 3993 1.
855 3951 908 4018 ¹teu,
919 3947 953 3997 Μ.
965 3948 989 3996 in
999 3943 1024 3998 i.
1035 3948 1093 3996 dist.
1104 3943 1129 3999 3.
1137 3963 1173 3997 ar.
1184 3943 1212 3998 4.
1224 3946 1377 4015 edicimus,

248 4032 251 4039 ’
311 4025 337 4075 in
355 4038 407 4088 quo
425 4026 542 4105 distincta
561 4031 660 4091 quaerit
679 4026 765 4080 luda
786 4027 818 4080 B.
872 4032 962 4097 inquit,
975 4029 1047 4100 qnod
1058 4029 1090 4084 B.
1106 4029 1380 4104 Vt'rpononsut'taan·

317 4104 398 4173 Virqo
413 4106 496 4175 ficntt
513 4109 715 4178 aoncttfiectein
732 4127 818 4166 conce-
836 4128 839 4132 ·
870 4112 985 4182 ctitieoto
1006 4122 1065 4167 onte
1085 4115 1288 4186 animationem,
1302 4117 1381 4187 etqui

309 4190 418 4258 pctonc3
439 4187 465 4243 2.
488 4195 523 4246 on
535 4195 538 4201 '
549 4200 607 4264 post
628 4197 819 4266 conceptionem
862 4197 1130 4269 *dmcnt‘eppositum
1143 4203 1180 4253 cst
1194 4198 1315 4258 haeresis
1326 4216 1382 4256 con·
