2828 4904
514 318 699 389 -2l9-

96 444 289 530 gnificatum.
320 440 407 520 Quid
431 441 514 507 enim
539 440 601 507 sibi
626 441 737 508 solunt
765 439 854 506 aliud
881 448 1006 508 veteres
1033 443 1145 508 Patres

96 573 130 615 m
167 551 309 616 Mariam
331 546 501 612 sortierunt
532 555 589 611 aut
615 569 689 611 cum
715 568 753 611 ea
781 549 985 612 r'rnmoenloto
1013 558 1101 612 terro
1127 569 1146 611 e

96 676 121 719 ta
152 653 335 740 plasmatus
363 651 427 717 tuit
454 651 535 730 aaa,
560 661 616 717 ant
639 673 713 714 cum
743 652 835 735 lr'pne's
862 655 1059 736 corruptioni
1082 672 1146 715 non

96 762 216 833 noar’e‘s,
241 766 298 822 nsit
324 778 399 822 cum
422 759 488 822 Eva
519 762 705 843 incorrupto
735 754 839 820 adhuc
865 763 965 842 atque
986 760 1146 821 innocente

98 884 137 927 ae
165 860 298 925 diabolo
315 861 480 926 seductori
495 861 665 946 indulgens
682 860 860 924 communis
876 858 961 923 facta
983 867 1033 924 est
1047 880 1147 925 causa

96 966 184 1043 inan,
212 965 290 1030 dum
313 972 424 1030 contra
449 967 485 1030 B.
504 966 605 1050 Virgo
628 964 750 1050 Angelo
773 964 936 1029 nuntianti
964 962 1145 1051 obsequens

96 1089 161 1135 ssa·
186 1068 450 1134 nohisomnibns
481 1079 531 1134 ost
564 1069 649 1159 lacta
681 1064 830 1135 salutis?
856 1067 945 1147 Quid
972 1088 1047 1133 cum
1076 1089 1147 1134 eam

96 1181 103 1238 l
138 1178 306 1238 venenosis
342 1178 490 1260 serpentis
516 1175 669 1259 offlotidns
694 1179 816 1238 minime
846 1174 991 1258 refectam
1020 1173 1147 1260 praedi-

96 1290 147 1363 ης
174 1288 237 1343 aut
264 1292 422 1345 serentem
454 1285 691 1367 incorruptam,
722 1291 750 1344 et
777 1303 872 1367 usqne
900 1280 943 1346 cd
968 1291 1067 1367 capnt
1097 1280 1146 1345 de·

96 1384 216 1448 lictorn
244 1380 374 1465 dicunt3
401 1390 458 1447 aut
476 1403 551 1446 enm
569 1381 672 1446 fuisse
693 1381 807 1446 docent
836 1382 961 1446 modum
983 1394 1146 1469 conceptus

98 1501 203 1553 ortus
226 1486 316 1563 cias,
345 1506 440 1570 quem
470 1488 554 1551 solns
576 1492 697 1550 noverit
729 1482 846 1551 Dens?
872 1484 974 1571 Atqui
1007 1485 1085 1550 haec
1111 1484 1145 1550 in

96 1592 169 1670 mi,
204 1589 352 1667 secundi,
377 1612 413 1655 ac
441 1590 530 1654 tertii
558 1589 660 1655 seculi
684 1588 837 1655 Patribus
862 1597 1051 1655 occurrunt.
1077 1589 1145 1654 lam

96 1717 127 1761 m
162 1694 196 1759 si
226 1694 326 1765 seculi
349 1695 458 1780 quarti
483 1703 515 1758 et
537 1695 645 1781 quinti
666 1695 847 1760 testimonia
864 1714 1056 1782 percurres,
1073 1695 1144 1760 Ma-

96 1820 132 1863 m
156 1797 379 1885 praedicatam
399 1799 541 1865 invenies
559 1801 607 1865 uti
624 1801 662 1865 ab
680 1806 765 1866 omni
785 1801 876 1867 sorde
890 1811 919 1865 et
934 1799 1002 1864 lade
1023 1803 1144 1886 peceati

96 1909 289 1982 snissr'moon,
307 1909 525 1991 pergratiam
552 1929 722 1970 rnreonan
746 1906 785 1970 od
812 1929 899 1970 onnr
915 1930 993 1971 enne
1008 1909 1144 1994 peccati,

96 2016 137 2076 ηε·
160 2011 259 2098 culpo
281 2023 455 2088 vocantem,
475 2023 616 2075 sonctorn
632 2032 761 2098 corpore
777 2024 805 2076 ct
826 2016 954 2100 spiritu,
970 2034 1009 2078 ee
1027 2010 1143 2077 mundo

96 2126 227 2180 motam
248 2115 326 2192 luto,
355 2112 507 2179 idoneum
531 2115 659 2179 Christo
682 2140 737 2179 rao
757 2141 879 2180 enarre
901 2139 1072 2181 olumnam
1089 2114 1144 2181 dn·

96 2220 246 2295 ocnlnnn
263 2240 322 2306 per
340 2241 410 2284 eam
429 2221 584 2287 Draconis
607 2220 775 2285 andaciam
792 2225 976 2296 contritnnn·
995 2241 1053 2308 per
1072 2241 1142 2285 eam

96 2327 158 2389 nio
184 2326 330 2408 serpentis
348 2345 466 2388 veneno
493 2325 630 2398 domito;
654 2343 724 2387 eam
747 2324 937 2412 porodisnm
960 2324 1143 2387 deliciorum

96 2430 174 2503 aare,
203 2424 340 2511 aliisque
364 2425 550 2491 huiusmodi
583 2426 763 2514 praeconiis
793 2435 991 2504 exornatam,
1020 2424 1142 2513 quibus

96 2548 177 2617 ipro
201 2550 235 2591 re
260 2540 367 2593 nostra
392 2530 591 2596 luculentias
609 2539 714 2617 potest
738 2529 927 2596 desiderari.
949 2531 1023 2609 Quo
1038 2529 1141 2614 magis

96 2652 131 2699 ro
160 2640 341 2720 temporum
369 2656 524 2721 processu
557 2635 780 2722 progrederis,
810 2658 847 2701 eo
875 2656 944 2701 rem
966 2634 1007 2701 ad
1034 2635 1143 2701 vivam

96 2736 157 2824 igis
184 2757 381 2826 expressam,
406 2760 444 2803 co
460 2741 637 2826 explicatas
661 2764 698 2806 ac
722 2740 869 2807 delinitas
885 2740 987 2827 magis
1009 2740 1143 2827 loquen-

110 2843 270 2911 lormulas
292 2843 520 2930 deprehendes.
550 2846 616 2910 lam
640 2868 716 2912 vero
738 2867 757 2912 e
780 2867 921 2933 quonam
941 2843 1029 2911 fonte
1051 2853 1141 2909 tanta

96 2971 131 3014 ec
151 2949 355 3035 antiquitatis
372 2949 607 3013 ecclesiastieae
625 2952 658 3014 in
675 2949 706 3013 id
728 2951 936 3036 conspiratio,
962 2969 1139 3035 numquam

96 3072 131 3117 no
152 3051 335 3138 interrupta
352 3061 449 3136 atque
472 3051 636 3129 intercisa,
657 3051 713 3117 sed
741 3073 838 3118 novas
866 3072 992 3138 semper
1012 3070 1142 3114 sumens

96 3177 158 3235 res,
183 3177 317 3242 seseque
338 3157 371 3219 in
395 3155 463 3219 dics
487 3156 588 3240 magis
611 3163 722 3242 aperte
745 3156 910 3242 explicans
936 3175 974 3220 ac
999 3154 1137 3219 dilatans

96 3262 214 3328 afluere
243 3263 365 3348 potnit,
390 3262 453 3326 nisi
484 3283 525 3326 ex
553 3262 686 3327 traduce
711 3261 904 3349 apostolicae
932 3255 1138 3326 traditionis?

97 3383 138 3453 go
157 3366 286 3430 omnino
313 3364 484 3431 dicendum
506 3374 566 3444 est,
590 3366 671 3430 hanc
695 3366 733 3431 de
760 3367 966 3431 immaculato
990 3366 1137 3451 Virginis

97 3478 218 3557 ncepta
241 3471 408 3538 veritatem
435 3471 470 3538 in
503 3471 604 3537 divini
630 3471 722 3538 verbi
746 3471 858 3538 traditi
882 3470 1029 3559 deposito
1062 3491 1136 3536 onn-

97 3575 162 3642 eri.

138 3685 246 3766 Atque
269 3676 347 3743 haec
371 3680 399 3743 si
426 3703 528 3746 nnnm
562 3689 686 3745 tantam
715 3702 756 3745 ex
789 3678 942 3767 pluribus
975 3678 1134 3745 vehiculis

96 3804 214 3861 namus,
234 3804 293 3869 per
323 3803 406 3867 quae
425 3783 466 3848 ad
489 3807 545 3848 nns
574 3784 730 3871 pervenit,
758 3784 917 3870 nobisque
944 3782 1055 3870 patefit
1086 3783 1135 3849 di·

96 3910 124 3953 ta
152 3885 294 3951 traditio.
325 3885 413 3961 Quid
430 3888 458 3952 si
476 3898 583 3953 cetera
599 3881 859 3975 persequamur?
884 3887 1022 3953 Guinam
1036 3909 1134 3975 porro

96 3994 104 4055 i
129 4011 259 4068 causae,
279 3990 343 4053 nisi
365 3986 441 4053 huic
465 3991 529 4079 ipsi
560 3991 753 4077 apostelicae
773 3990 957 4055 traditionis
985 3992 1132 4077 germini,

96 4093 137 4159 nd
167 4096 267 4179 magis
287 4117 470 4186 semperne
493 4098 595 4181 magis
619 4096 854 4182 explicabatur,
885 4095 1133 4182 antiquissimus

96 4198 283 4303 scrilendus
315 4210 363 4267 est
403 4199 512 4267 cultus
540 4200 755 4283 ⁸inunaculato
782 4199 927 4286 Virginis
954 4199 1133 4292 conceptui

1214 3673 1259 3725 An

1189 3745 1259 3796 tionis·

1200 3815 1259 3867 men'

1204 3903 1259 3951 pent
