2828 4904
310 449 397 514 lamo
410 448 466 513 lib.
478 450 519 526 11,
529 470 556 512 c.
566 447 609 514 16
622 448 669 512 sic
681 448 836 513 Basonem
849 448 1031 534 loquentem
1043 449 1178 514 inducit:
1195 447 1340 525 Qualiter
1354 451 1386 513 de

308 575 411 618 massa
417 551 949 641 peccatrice,idest‚leumanoqencre
958 554 1040 639 quod
1051 566 1148 617 totum
1160 555 1307 638 infectum
1319 566 1386 618 erat

222 678 228 692 ·’
303 661 543 744 peccato,quosi
556 677 700 742 azymum
710 656 745 718 de
759 656 941 738 fermentato
950 655 1033 721 Deus
1045 661 1217 742 assumpsit.
1228 656 1387 720 Namlicet

307 765 377 848 ipsa
399 758 528 825 hominis
551 758 682 823 eiusdem
706 763 860 845 conceptio
875 763 916 823 sit
931 760 1061 835 munda,
1076 770 1105 823 et
1122 758 1233 844 absque
1250 760 1387 824 carnalis

308 863 516 930 delectationis
530 873 675 951 peccatu·
699 861 790 946 Virqo
820 873 920 926 tamen
943 867 1025 949 ipsa,
1040 862 1119 927 unde
1142 874 1321 951 assumptus
1335 874 1386 936 est,

308 977 352 1032 est
373 972 407 1032 in
429 966 646 1054 iniquitatibus
670 976 830 1052 concepta,
846 980 875 1030 et
890 970 924 1029 in
935 971 1072 1052 peccatis
1088 971 1224 1052 concepit
1240 986 1309 1030 eam
1325 977 1386 1029 ma·

307 1082 354 1137 ter
365 1075 443 1145 eius,
459 1083 488 1134 et
504 1091 574 1134 aum
590 1071 742 1153 oriqinali
750 1078 878 1156 peccato
894 1081 972 1133 nata
988 1080 1044 1146 est,
1055 1073 1202 1155 quoniam
1217 1080 1246 1133 et
1262 1073 1333 1155 ipsa
1355 1074 1385 1132 in

305 1173 406 1239 Adam
423 1177 578 1260 peccavit,
594 1177 629 1236 in
653 1195 713 1259 quo
730 1194 831 1237 omnes
849 1186 1068 1259 peccaverunt.
1098 1171 1160 1238 Cui
1188 1170 1383 1258 respondens

304 1277 487 1353 mactmus,
519 1274 642 1340 fatetur
676 1274 832 1341 Christum
855 1276 965 1364 absque
989 1288 1117 1363 peccato
1141 1299 1201 1340 esse
1224 1277 1260 1339 de
1283 1297 1384 1340 massa

178 1464 183 1474 ῃ
299 1384 472 1468 peccatrice
487 1381 565 1443 vlicet
580 1392 780 1466 assumptum.
796 1378 896 1443 'Idem
912 1389 1078 1465 praeterea
1095 1401 1120 1443 s.
1141 1382 1262 1445 Doctor
1274 1379 1309 1443 in
1327 1379 1380 1442 lib.

304 1485 350 1547 De
366 1484 546 1548 excellentia
561 1482 667 1547 beatae
685 1483 817 1566 Virqinis
828 1483 952 1549 Mariae
967 1505 995 1548 c.
1009 1483 1041 1562 3,
1054 1483 1154 1547 tradit
1170 1483 1298 1547 beatam
1310 1484 1382 1546 Vir·

303 1588 410 1673 ginem
426 1584 467 1650 ab
483 1586 632 1651 omnibus
648 1609 782 1673 prorsus
798 1588 922 1674 peccati
937 1587 1086 1673 reliquiis
1098 1587 1260 1672 expiatam
1276 1594 1311 1650 et
1328 1587 1381 1650 im·

304 1691 495 1755 maculatam
518 1689 661 1755 effectam
685 1711 758 1754 cum
782 1710 879 1755 suum
900 1689 1050 1776 praebuit
1073 1710 1239 1754 assensum
1260 1688 1381 1775 Angeia

304 1794 466 1860 nuntianti
499 1794 728 1860 incarnationis
754 1794 954 1882 mysterium.
988 1791 1066 1858 Cum
1092 1798 1200 1877 iqitur‚
1225 1793 1272 1857 ait
1300 1794 1379 1880 ipse,

302 1905 336 1964 in
364 1898 430 1976 ln,
452 1920 531 1984 quac
554 1909 711 1985 tantopere
741 1898 806 1962 Deo
831 1899 978 1984 placent,
1003 1908 1113 1962 sancta
1153 1896 1246 1980 Virqo
1272 1897 1380 1962 Maria

303 2016 368 2067 tam
383 2003 565 2068 excellenter
580 2003 632 2065 illi
640 2003 778 2089 placuit,
793 2013 830 2066 ut
844 2003 1040 2088 nequaqnam
1056 2001 1189 2066 crederet
1205 2005 1276 2086 quis
1293 2003 1380 2066 illan

302 2109 411 2194 aliqua
429 2111 550 2172 ratione
567 2107 762 2170 excellentius
775 2107 901 2193 placere
913 2109 1065 2191 potuisse;
1081 2109 1229 2169 nimirum
1252 2116 1379 2169 tremam

200 2253 202 2258 -
301 2210 373 2296 fide,
387 2210 425 2275 al
448 2213 544 2286 omni,
557 2210 675 2297 siquid
695 2209 797 2274 adhuc
818 2213 852 2274 in
866 2210 925 2272 illa
953 2208 1128 2299 ariqinalis,
1150 2212 1213 2272 siue
1243 2210 1377 2273 actualis

297 2318 421 2401 peccati
433 2325 606 2399 supererat,
625 2318 671 2379 ita
693 2313 878 2378 mundatum
893 2333 947 2376 cor
961 2312 1060 2389 illius,
1071 2322 1188 2376 ntaerc
1202 2332 1300 2397 super
1316 2333 1378 2375 eam

218 2439 223 2449 ·
301 2415 439 2504 Spiritus
454 2416 525 2493 Dei,
538 2417 652 2481 scilicet
674 2438 767 2503 super
789 2415 945 2492 humilem,
960 2426 988 2479 et
1004 2419 1138 2502 quietam
1160 2425 1189 2479 et
1205 2425 1377 2479 trementem

301 2520 395 2586 narba
417 2543 490 2597 sna,
506 2532 588 2586 totns
602 2525 811 2606 requiesceret.

391 2622 444 2687 Sic
459 2623 567 2701 etiam,
582 2622 641 2708 qui
657 2621 768 2686 eodem
783 2644 847 2708 quo
864 2643 889 2686 s.
908 2622 1092 2686 Bernartius
1110 2621 1240 2686 saeculo
1256 2621 1368 2696 floruit,

302 2728 398 2812 Hugo
419 2726 620 2804 Victorinus,
645 2732 677 2788 et
699 2747 739 2790 ex
756 2747 794 2790 eo
809 2725 966 2811 Magister
989 2731 1122 2788 sentent.
1148 2723 1246 2803 Sane,
1263 2724 1374 2810 inquit,

303 2832 365 2894 dici
380 2841 503 2917 potest,
527 2842 556 2893 et
579 2829 664 2894 credi
684 2841 826 2915 oportet,
848 2834 940 2894 inacta
964 2827 1151 2893 Sanctorum
1164 2831 1377 2893 ,attestationis

302 2938 554 3010 convenientiam,
570 2938 668 3019 ipsam
684 2939 774 3019 prius
785 2945 912 3019 peccato
935 2934 1027 3016 fuisse
1044 2932 1224 3009 obnoxiam,
1238 2936 1321 2996 siam
1336 2951 1376 2994 re·

301 3039 388 3124 liqna
419 3037 551 3121 Virqinis
573 3059 660 3101 caro:
677 3038 729 3100 sed
743 3037 880 3122 Spiritus
895 3036 1007 3102 Sancti
1026 3041 1204 3122 operatione
1221 3040 1269 3100 ita
1293 3056 1374 3099 mun·

300 3140 420 3218 datam,
436 3138 518 3230 eliab
536 3145 621 3204 omni
630 3145 754 3226 peccati
774 3145 953 3223 contaqione
972 3144 1115 3204 immunis
1137 3143 1287 3204 uniretur
1310 3139 1373 3202 Ver·

198 3266 200 3271 ’
254 3323 255 3326 ¹
299 3243 348 3307 lo.-
360 3266 463 3330 poena
486 3255 609 3328 tantum
625 3265 688 3307 non
716 3247 902 3317 necessitate,
929 3243 981 3306 sed
1005 3245 1165 3307 uoluntate
1197 3246 1373 3308 assumentis

299 3358 483 3413 remanente.
512 3347 652 3416 Mariam
675 3368 794 3433 quoque
818 3357 914 3410 totam
937 3344 1074 3433 Spiritus
1097 3345 1232 3411 Sanctus
1255 3351 1373 3411 ineam

294 3456 498 3538 praeveniens
512 3474 532 3514 a
543 3462 670 3536 peccato
690 3472 824 3537 prorsus
833 3454 1004 3536 purqaoit,
1031 3461 1059 3513 et
1085 3472 1105 3514 a
1129 3450 1234 3532 fomite
1255 3451 1373 3537 peccati

301 3561 393 3621 stiam
423 3555 582 3631 liberauit,
605 3556 654 3621 oet
675 3555 809 3638 fomitem
831 3560 932 3641 ipsum
954 3559 1080 3642 penitus
1111 3554 1296 3619 evacuando
1323 3551 1372 3634 (ut

301 3659 483 3748 quibusdam
500 3659 633 3747 placet),
656 3659 705 3722 ael
727 3663 770 3722 sic
793 3657 990 3736 debilitando,
1007 3668 1035 3721 ct
1058 3657 1270 3735 extenuanda,
1294 3668 1329 3722 ut
1349 3657 1374 3718 ei

294 3764 492 3851 postmodum
500 3767 625 3851 peccati
638 3767 756 3827 occasio
772 3761 953 3827 nullatenus
968 3765 1105 3826 estiterit
1121 3757 1174 3847 (i).

70 3897 250 3951 amau,
389 3867 444 3936 Nil
466 3887 564 3954 porro
586 3865 704 3930 mirum
728 3865 756 3930 si
780 3886 805 3929 s.
824 3863 1020 3944 Beruardns,
1038 3865 1095 3952 qui
1112 3885 1224 3950 agmen
1248 3883 1373 3951 praece·

300 3970 446 4037 dentium
468 3974 602 4036 Petrum
625 3977 656 4032 et
680 3971 856 4041 Doctorum
878 3968 1010 4049 claudit,
1025 3968 1209 4035 traditionis
1231 3967 1373 4052 vestigiis

336 4145 372 4217 n)
390 4151 456 4203 ruia.
