2828 4904
556 354 600 370 -
616 315 680 387 105
696 342 740 369 -·-

101 451 296 529 pumentum
316 443 347 506 in
364 463 431 511 rem
447 448 588 507 nostram
605 437 737 520 deduci,
753 438 854 504 nihilo
870 446 974 504 tamen
991 439 1098 504 secius
1113 458 1186 526 pro

96 546 209 611 babile
236 546 349 610 saltem
377 553 617 610 monumentum
640 544 680 608 de
702 543 865 609 Ecclesiae
886 543 1004 629 spiritu
1029 564 1066 608 ac
1089 562 1186 608 sensu

96 649 209 736 quoad
233 649 294 713 hoc
312 648 517 737 privilegium
536 648 583 712 illi
606 647 769 712 exhibent.
783 648 850 711 Hoc
864 646 968 732 igitur
985 645 1115 725 omisso,
1133 667 1187 711 ne·

96 774 151 816 mo
166 751 301 817 inficias
317 752 379 818 ibit
393 752 518 818 cultum
535 751 759 839 conceptionis
778 771 796 814 a
818 750 947 814 saeculo
967 757 1004 814 ut
1020 749 1188 815 minimum

96 856 125 920 V
151 856 190 919 in
221 856 368 922 Ecclesia
395 856 543 922 orientali
570 854 769 934 obtinuisse,
794 854 844 919 uti
875 875 914 918 ex
943 862 1189 932 commemorato
1301 888 1305 893 -

104 960 193 1046 Typo
219 958 429 1025 manifestum
451 958 500 1043 lit3
518 981 576 1024 nec
599 980 661 1023 non
681 958 742 1023 Vll
767 958 895 1023 sacculo
909 957 1064 1043 viguisse,
1089 966 1128 1024 ut
1146 979 1189 1024 cx

104 1062 235 1128 Andrea
261 1065 401 1129 cretensi
424 1065 590 1147 novimus3
614 1061 728 1127 deinde
744 1083 820 1127 vero
842 1061 986 1151 idipsum
1008 1083 1049 1127 ex
1071 1064 1189 1129 loanne

101 1165 299 1231 damasceno
322 1167 589 1255 deprehendimus
611 1168 668 1254 qui
687 1168 919 1232 mundissimum
937 1189 1052 1246 semen,
1075 1167 1190 1252 foetam

99 1275 345 1349 sanctissimum,
366 1275 539 1337 animatam
566 1272 683 1335 coelam
703 1273 739 1334 B.
763 1269 928 1356 Virginem
944 1271 976 1336 in
996 1291 1055 1335 sua
1079 1290 1190 1337 conce-

98 1375 212 1460 ptione
232 1375 394 1462 appellare
418 1383 494 1440 tunc
512 1375 664 1463 temporis
688 1396 749 1439 non
767 1373 938 1440 dubitavit.
964 1374 1093 1453 Quibus
1115 1396 1189 1462 pro·
1245 1447 1247 1451 ,

98 1475 184 1541 lecto
205 1476 320 1541 cultus
346 1479 482 1564 eiusque
509 1477 671 1543 obiectum
697 1479 779 1543 citra
807 1477 1041 1544 dubitationem
1063 1500 1188 1546 omnem

102 1577 326 1664 designantur.
351 1578 437 1644 Idem
459 1578 499 1643 de
522 1580 662 1665 Georgia
685 1579 913 1645 nicomediensi
933 1581 1114 1660 dicendum,
1132 1583 1190 1668 qui

96 1681 354 1770 'Conceptionem
375 1684 520 1771 Virginis
549 1684 742 1770 purissimae
768 1685 995 1751 miraculorum
1018 1707 1055 1750 ac
1082 1699 1190 1773 myste-

97 1791 225 1852 riorum
245 1793 385 1875 primum
407 1797 508 1868 vocat,
526 1796 624 1874 atque
648 1790 707 1853 bac
729 1787 768 1854 de
788 1811 887 1854 causa
907 1789 979 1855 eius
1002 1789 1191 1856 celebratio·

99 1891 418 1973 nemcommendat:
441 1891 475 1956 id
497 1913 627 1980 quoque
650 1888 691 1956 de¹
713 1914 738 1957 s.
752 1894 847 1958 Petro
869 1897 1032 1980 Argorum
1047 1894 1191 1960 antistite

109 1992 320 2073 sentiendum,
332 1995 390 2082 qui
400 2008 541 2062 sanctam
553 1996 585 2059 in
600 1996 806 2084 conceptione
818 1997 878 2061 Dei
892 1997 1088 2063 Genitricem
1100 2019 1191 2085 prae·

112 2093 235 2164 dimvit.
247 2104 357 2186 Atque
371 2099 449 2166 haec
466 2100 505 2165 de
521 2099 669 2166 orientali
685 2099 839 2165 Ecclesia.

188 2202 244 2269 Ad
280 2205 507 2272 occidentalem
530 2216 638 2272 autem
666 2206 753 2294 quod
783 2215 905 2295 spectat
929 2208 1124 2287 Ecclesiam,
1148 2229 1190 2272 ex
1276 2254 1284 2276 ,
1330 2231 1335 2241 ·
1376 2229 1381 2240 ’

102 2306 210 2374 allatis
235 2317 329 2375 antea
351 2313 565 2377 monumentis
588 2311 749 2400 liquidum
765 2320 824 2391 est,
848 2312 1007 2378 eiusmodi
1030 2312 1189 2378 cultuma
1294 2303 1344 2383 .”
1399 2370 1405 2382 .

103 2412 212 2478 seculo
236 2421 277 2478 ut
301 2415 469 2481 minimum
494 2417 525 2482 X
554 2417 676 2480 sivein
703 2416 858 2503 Hispania
887 2417 1028 2505 primum
1057 2417 1123 2482 sive
1151 2417 1186 2481 in

110 2516 222 2605 sigua
242 2517 434 2600 obtinuisse,
457 2521 499 2584 'ac'
522 2529 644 2584 ceteras
668 2520 799 2607 posthac
822 2519 1005 2585 Occidentis
1028 2518 1189 2587 Ecclesias

109 2622 299 2708 pervasisse.
323 2625 372 2689 Re
388 2631 494 2689 tamen
510 2624 695 2711 diligentius
719 2645 871 2704 excussa,
896 2647 933 2690 ac
955 2624 1121 2691 veteribus
1143 2624 1193 2691 bi-

112 2728 227 2793 storiae
250 2730 463 2794 monumentis
482 2730 632 2816 'penitius
659 2727 845 2816 exploratis,
871 2740 979 2819 aperte
1003 2738 1128 2796 constat
1150 2730 1191 2797 ad

112 2838 253 2897 aetatem.
267 2829 360 2918 longe
372 2832 568 2898 'anteriorem
585 2833 781 2898 immaculati
798 2834 978 2923 Conceptus
993 2834 1118 2925 cultum
1141 2858 1191 2901 re-

115 2930 187 3000 lerri
211 2927 338 3001 debere.
356 2937 454 3002 Extat
469 2938 552 3001 enim
569 2951 655 3002 cetns
674 2960 880 3004 marmoreum
898 2940 1116 3026 neapolitanae
1131 2940 1192 3006 Ec-

118 3040 217 3107 clcn'ac
229 3040 469 3120 Kalendarinm,
483 3041 569 3128 quod
586 3042 746 3128 digestum
762 3064 831 3108 esse
847 3042 956 3109 seculo
968 3030 1130 3110 Ecclesiae
1142 3045 1190 3109 lx

119 3142 151 3209 cl.
174 3144 310 3215 Alexius
335 3146 541 3235 Symmachus
563 3147 763 3226 Mazocbius,
783 3148 846 3234 qui
872 3147 1130 3213 eruditissimum
1153 3147 1193 3214 de

120 3245 165 3312 illo
187 3248 289 3314 edidit
312 3252 588 3343 commentarium,
606 3250 787 3317 luculenter
806 3251 945 3317 ostendit
962 3249 1016 3340 (l).
1033 3253 1135 3339 Atqui
1157 3253 1193 3318 in

119 3349 271 3420 eiusmodi
289 3353 491 3420 Kalendario
507 3355 547 3419 cd
570 3355 654 3421 diem
670 3357 717 3420 IX
734 3355 925 3436 decembris,
946 3377 1035 3420 more
1058 3355 1195 3423 Graeco

119 3475 192 3536 rum,
205 3454 283 3529 hacc
301 3455 465 3547 habentur
477 3458 642 3546 inscripta:
659 3458 820 3548 conceptio
837 3460 972 3526 Sanctae
984 3459 1110 3547 Mariae
1127 3460 1195 3529 Vir-

115 3561 203 3639 asna:
227 3559 261 3625 id
284 3559 376 3647 quod
399 3560 514 3647 probat
537 3561 601 3626 iam
624 3570 696 3626 aule
720 3561 865 3626 seculum
889 3561 937 3627 IX
952 3561 986 3627 in
1009 3560 1121 3628 eadem
1136 3582 1194 3629 ¹cc-

118 3659 215 3742 clesia,
241 3684 266 3728 a
284 3663 393 3728 latinis
418 3664 541 3729 scilicet
563 3664 757 3742 bominibus,
776 3663 895 3729 festum
910 3664 1000 3730 istud
1017 3664 1121 3730 fuisse
1143 3683 1193 3730 ce

116 3760 277 3833 lebratum.
303 3768 379 3832 lure
404 3767 508 3854 igitur
529 3768 709 3855 meritoque
734 3769 889 3857 loscpbus
913 3768 1075 3834 Simonius
1098 3772 1194 3834 Asse-

115 3872 236 3938 uanius
252 3868 327 3935 inde
341 3869 514 3950 concludit,
532 3870 758 3957 Neapolitanos
775 3870 927 3951 initalia,
945 3878 1018 3936 ante
1034 3869 1142 3937 Gallos
1163 3880 1196 3936 et

151 4104 368 4174 rtlrnbiacna
386 4107 518 4161 asason
545 4104 624 4162 noim
677 4109 794 4159 luminu.
812 4110 854 4160 at.
876 4087 1068 4191 connectant
1090 4108 1191 4172 nerpo-

107 4189 430 4248 momentanearum
448 4192 557 4258 praefixa
572 4193 624 4243 Vc-
677 4187 784 4246 111744.
829 4226 835 4239 ,

1243 3035 1401 3100 neapolitana
1410 3000 1411 3003 Ἰ
