2828 4904
747 342 922 408 *ffl-

296 460 333 525 B.
348 458 516 544 Virginem
527 455 703 524 rilutur'ae
716 458 836 525 Christi
852 460 1080 547 redemptionis
1097 455 1278 550 puritatem
1290 463 1374 532 illam

296 565 487 629 obtinuisse.
787 574 790 578 ’
956 576 958 580 ’

385 666 437 731 Sic
460 666 557 730 etiam
581 686 606 730 s.
632 666 743 730 Bruno
766 666 1056 743 carthusianorum
1071 690 1188 757 parens
1211 670 1323 737 eidem
1340 675 1372 738 B.

200 795 203 802 ·
294 771 424 857 Virgini
447 771 497 836 hie
520 769 627 836 verbis
650 771 731 836 hanc
760 773 1017 857 praerogativam
1041 773 1195 840 vindicat:
1218 775 1373 842 Dominus

74 3609 244 3673 liturgiarum
310 3652 313 3657 .

66 3682 206 3745 auctoritas

293 881 329 944 de
345 879 430 943 caelo
453 883 487 941 r'o
509 888 627 948 terrare
649 881 783 962 ceperit,
806 879 879 942 dum
899 879 934 942 dc
956 880 1112 962 regalibus
1137 881 1263 949 sedibus
1286 889 1322 950 r'n
1344 909 1374 951 n-

291 997 391 1049 terem
420 982 554 1066 Virginis
576 986 669 1045 venit.
686 979 774 1045 Haec
799 993 842 1046 est
868 986 948 1047 enim
969 988 1157 1072 incorrupto
1179 997 1274 1052 terra
1296 990 1375 1067 ella,

291 1089 342 1150 eei
364 1085 518 1151 benedixit
533 1078 698 1157 Dobsines,
715 1082 753 1147 ab
770 1088 855 1147 omni
865 1079 1033 1170 propterea
1044 1091 1169 1172 pcccati
1188 1095 1374 1174 contagione

290 1190 414 1266 libero,'
426 1209 487 1276 per
509 1208 604 1273 quam
625 1191 708 1250 vitae
731 1189 815 1251 eiam
838 1192 1040 1272 agnovimus,
1061 1199 1092 1254 et
1108 1195 1307 1277 promissam
1329 1215 1373 1259 oe

289 1295 419 1356 ritatem
438 1293 610 1374 accepimus
634 1285 693 1368 (l).

305 1422 307 1427 ·
378 1398 487 1478 Atque
506 1391 583 1455 haec
597 1391 774 1477 praecipua
786 1399 862 1455 sunt
877 1392 1071 1470 testimonia,
1087 1413 1172 1481 quae
1190 1403 1374 1462 assertores

283 1496 365 1582 piae
382 1493 557 1559 sententiae
574 1514 615 1556 ex
626 1492 779 1557 Patribus
796 1501 894 1579 atque
910 1493 1138 1560 ecclesiasticis
1155 1497 1376 1584 scriptoribus

290 1597 407 1663 alierre
431 1595 546 1673 solent,
570 1594 692 1680 quibus
715 1596 863 1661 evincant
886 1597 1078 1661 sententiam
1100 1596 1183 1662 hanc
1209 1598 1249 1664 in
1274 1599 1375 1666 veleri

290 1700 462 1766 traditione
485 1698 639 1784 viguisse.
658 1699 757 1763 Plura
778 1708 884 1765 tamen
904 1700 1052 1769 consulto
1073 1703 1372 1787 praetermisimus,

291 1813 329 1877 nt
351 1807 449 1871 etiam
470 1803 568 1892 paulo
584 1811 656 1869 ante
672 1803 867 1884 monuimus,
884 1804 935 1871 rel
952 1803 1040 1892 quod
1053 1826 1117 1870 nou
1139 1806 1239 1894 plane
1271 1808 1375 1876 admo

292 1910 370 1975 dum
381 1911 426 1991 id,
436 1911 533 1978 cuius
546 1910 650 1996 gratia
661 1908 861 1988 referuntur,
870 1918 1035 1996 praestare
1047 1913 1117 1980 risa
1129 1911 1227 1978 nobis
1239 1912 1374 1993 luerint,

293 2013 441 2100 velquod
454 2011 662 2099 exoperibus
679 2012 802 2077 adscita
816 2012 891 2091 sint,
900 2034 984 2100 quae
998 2014 1034 2080 iu
1048 2016 1238 2101 praeseutia
1250 2019 1373 2084 critico

291 2136 365 2188 rum
382 2118 505 2183 iudicio
517 2119 603 2182 inter
614 2117 817 2204 adscriptitia
829 2127 887 2183 aut
900 2116 1026 2183 saltem
1039 2116 1140 2185 dubia
1147 2132 1367 2189 recensentur.

292 2222 443 2292 Sistimus
460 2221 585 2287 veroin
602 2241 627 2285 s.
643 2219 817 2297 bernardo,
835 2221 924 2307 quia,
938 2222 988 2287 uti
1000 2221 1139 2310 praefati
1152 2244 1287 2306 sumus,
1306 2230 1365 2293 eius

293 2333 408 2404 aetate,
432 2327 567 2411 ipsoque
596 2333 719 2410 agente,
747 2326 1015 2402 controversiain
1039 2333 1217 2415 utramque
1243 2341 1369 2418 partem,

293 2437 331 2492 ut
353 2430 517 2505 usuvenit,
534 2428 695 2513 exagitari
710 2428 828 2513 coepit,
845 2428 918 2493 aliis
935 2428 968 2494 iu
985 2429 1080 2494 aliam
1096 2427 1290 2499 doctoribus
1306 2455 1368 2497 sen·

293 2535 426 2599 tentiam
449 2531 657 2598 abeuntibus.

639 2754 1037 2828 CAPUT-xrs.

319 2992 408 3054 oute
431 2993 583 3039 essenis
607 2991 781 3046 erroneus
796 2992 870 3038 eno
898 2983 1128 3038 rumncuns'ra
1147 2994 1177 3039 n⁴
1196 2992 1345 3042 vracuus

296 3079 299 3085 '
469 3074 472 3079 ’
580 3097 817 3142 coscarrrorus
843 3096 1085 3144 anoucuurun.

384 3285 456 3354 llas
476 3287 591 3372 capitis
625 3287 851 3352 enunciatione
872 3285 1116 3374 complectimur
1140 3293 1212 3350 tum
1237 3283 1362 3374 quaein

295 3390 441 3477 liturgiis
463 3391 688 3476 continentur,
714 3400 783 3455 tum
810 3414 894 3478 quae
918 3391 959 3456 ad
983 3388 1141 3456 festorum
1166 3397 1362 3478 spectantes

296 3488 522 3559 lebrationemss
872 3494 874 3499 ’

387 3600 488 3667 Nemo
511 3619 608 3685 porro
623 3605 673 3664 est
695 3598 754 3686 qui
770 3594 903 3676 nesciat,
921 3584 1151 3687 amplissimam
1166 3597 1358 3685 liturgiarum
1392 3636 1408 3665 2

294 3727 366 3771 esse
389 3706 627 3783 auctoritatem,
645 3705 767 3792 quippe
784 3725 867 3791 quae
883 3704 1103 3770 testimonium
1118 3704 1294 3770 exhibeant
1311 3711 1354 3763 not
1386 3726 1411 3769 ·.

296 3811 395 3875 unius
418 3810 592 3876 alteriusve
616 3808 775 3885 doctoris,
801 3806 857 3873 sed
880 3806 1023 3893 integrae
1046 3808 1141 3896 plane
1164 3807 1304 3874 alicuius
1322 3818 1353 3864 et·
1394 3821 1414 3832 ”²

297 3912 424 3995 elesino,
437 3932 542 3999 eoque
564 3911 669 3999 pluris
693 3932 763 3975 esse
787 3909 976 3990 faciendam,
1000 3930 1066 3999 quo
1089 3917 1122 3976 et
1145 3910 1282 3976 ecclesia
1303 3903 1351 3972 illo·
1379 3985 1380 3988 Ἴ

330 4147 367 4216 (l)
388 4148 531 4202 Commeat.
550 4147 578 4202 r'n
598 4145 643 4199 Pa.
663 4143 725 4215 tot,
747 4161 805 4211 opp.
910 4144 1278 4201 ruteme.ltrunoan.1088·
1372 4126 1404 4196 Ἰ,

298 4235 358 4286 edit.
370 4227 448 4303 tm
467 4249 521 4298 pag.
535 4229 594 4285 169.
609 4234 659 4282 rol.
671 4225 698 4282 2.
708 4232 807 4281 Floruit
1374 4238 1376 4243 ’
