2828 4904
90 1377 182 1442 Neque
193 1373 241 1425 ob-

65 1451 116 1501 stat
141 1448 240 1498 diversa

64 1517 142 1568 lectio
155 1520 241 1568 textus

66 1587 205 1653 originalis.

290 412 432 527 hincque
453 439 600 507 solvenda
617 439 743 505 tandem
758 442 937 527 captivitas,
963 462 1027 527 qua
1043 441 1084 504 ob
1100 440 1184 506 idem
1201 455 1365 531 peccatum

290 565 392 630 genua
416 545 604 610 universum
631 544 912 630 constringebatur
945 544 1128 610 humanum.
1159 547 1241 614 Cum
1269 550 1368 636 igitur

289 645 362 712 heic
385 647 609 713 minitantibus
625 648 732 714 verbis
750 647 964 713 denuncietur
988 650 1129 736 serpenti
1145 649 1298 717 futurum
1316 655 1367 719 ali-

290 752 430 840 quando,
447 759 485 816 ut
501 752 619 817 mulier·
635 759 733 839 caput
749 752 821 817 eius
839 753 882 817 sit
897 753 1089 832 contritura,
1107 754 1166 821 hoe
1189 756 1262 842 ipso
1287 758 1368 822 eius-

290 854 363 921 dem
389 855 535 921 mulieris
558 857 693 922 victoria
710 857 744 921 in
766 856 950 921 daemonem
978 859 1239 942 praenuntiatur,
1257 882 1318 927 sen
1340 863 1368 927 in

288 959 561 1047 peceatum‚quod
569 960 640 1024 eius
653 981 754 1025 suasu
766 967 929 1046 patratum
936 959 1054 1038 iuerat,
1064 969 1161 1048 atque
1173 963 1207 1026 in
1216 964 1368 1030 mundum

289 1063 462 1151 propagari
485 1055 652 1128 debuerat.
677 1056 778 1140 Porro
801 1062 889 1128 haud
911 1062 1201 1150 periectaeenseri
1220 1067 1366 1134 mulieris

285 1166 426 1233 >victoria
442 1174 561 1255 posset,
574 1168 602 1231 si
618 1174 651 1231 et
666 1167 738 1254 ipsa
753 1167 926 1267 aliquando
941 1176 1072 1254 peccato
1087 1167 1204 1234 fuisset
1219 1169 1368 1249 obnoxia,

291 1291 330 1337 eo
345 1270 496 1337 videlicet
512 1271 666 1359 temperis
683 1278 815 1358 puncto,
830 1292 896 1358 quo
913 1271 1053 1356 primum
1069 1269 1134 1334 iuit
1150 1280 1317 1359 concepta.

380 1377 495 1462 Neque
511 1395 588 1440 vero
604 1360 682 1440 latet
698 1374 920 1440 immaculatae
945 1375 1169 1460 Conceptionis
1192 1384 1368 1443 assertores

291 1477 325 1542 in
342 1477 494 1543 hebraica
510 1479 645 1544 veritate
663 1499 835 1566 pronomen
851 1485 920 1565 ipsa
942 1477 1092 1563 ancipitis
1120 1499 1190 1542 esse
1213 1479 1369 1565 significa

292 1581 401 1665 tionis,
414 1591 447 1646 et
463 1603 566 1670 aeque
583 1582 623 1648 ad
634 1605 733 1649 semen
744 1580 862 1648 referri
873 1581 1072 1670 posse‚quod
1083 1583 1117 1645 in
1128 1581 1284 1648 hebraico
1297 1583 1372 1649 idio-

290 1693 375 1752 mate
398 1686 484 1752 inter
514 1687 692 1752 masculina
720 1686 821 1752 audit.
851 1687 979 1752 Etenim
1011 1699 1072 1760 aru
1108 1686 1308 1752 concordare
1330 1687 1370 1752 vi-

234 1819 236 1823 ·
291 1789 389 1855 detur
404 1790 480 1882 cum
494 1809 551 1891 ῃ
578 1782 692 1868 remeo,
718 1797 817 1876 prout
844 1780 1052 1856 confirmatur
1078 1812 1119 1855 err
1144 1788 1244 1856 verbo
1273 1798 1370 1900 quiri?

292 1959 426 2023 conteret
449 1949 514 2028 tibi,
527 1949 614 2037 quod
641 1950 768 2036 generis
794 1950 917 2037 pariter
945 1957 994 2014 est
1020 1949 1203 2027 masculini,
1227 1947 1372 2036 adeoque

295 2061 361 2120 tota
380 2055 551 2121 sententia
574 2054 614 2118 ad
636 2054 783 2119 mulieris
812 2053 925 2132 filium,
943 2077 1001 2118 seu
1018 2055 1058 2119 ad
1076 2053 1243 2122 Christum
1267 2052 1371 2138 Virgi-

293 2158 344 2224 nis
370 2157 474 2224 filium
500 2158 715 2224 contrahenda
741 2165 801 2236 est,
826 2158 885 2246 qui
913 2159 1020 2245 reipsa
1037 2158 1071 2222 in
1091 2155 1251 2243 muudum
1277 2156 1380 2234 venit„
1410 2232 1413 2243 Ι

294 2268 332 2327 ut
347 2282 446 2350 opera
472 2261 592 2327 diaboli
619 2260 818 2328 dissolveret.
849 2261 974 2327 Verum
1000 2270 1087 2326 recte
1115 2260 1371 2328 animadvertunt

208 2416 209 2420 ,
293 2362 324 2431 1.
352 2358 523 2432 lectionem
545 2365 705 2452 vulgatae
731 2385 801 2432 osse
826 2366 1095 2454 antiquissimam,
1113 2363 1284 2452 firmisque
1309 2372 1370 2428 tum

287 2468 554 2552 auctoritatibus,
576 2476 645 2535 tum
668 2470 802 2535 Patrum
829 2470 1021 2536 testimoniis
1037 2491 1074 2534 ac
1091 2467 1277 2533 rationibus
1301 2466 1368 2531 inti·

292 2571 354 2637 mis
365 2571 461 2639 inniti
473 2569 528 2659 (i);
544 2573 577 2639 2.
595 2573 623 2637 si
639 2570 761 2659 absque
776 2572 906 2659 punctis
918 2572 1045 2659 legatur
1057 2570 1249 2636 hebraicum
1262 2589 1368 2659 prono·

328 2778 365 2850 (1)
387 2782 454 2836 Sane
469 2784 607 2836 lectionem
618 2784 752 2851 vulgatae,
773 2785 800 2834 in
852 2784 919 2834 rium
940 2779 1123 2851 Commentis
1139 2777 1236 2835 denes.
1256 2779 1291 2831 ad
1305 2776 1367 2826 buno

291 2878 341 2929 qua
369 2867 463 2933 legitur
484 2865 554 2937 ipro,
570 2873 679 2920 tenuere
695 2873 798 2920 sanctus
851 2869 981 2934 locnm,et
991 2865 1135 2918 Cornelium
1147 2865 1279 2932 abunde,
1292 2857 1323 2912 de
1338 2871 1366 2910 eo

289 2946 441 3002 Ambrosius
471 2951 515 3003 lib.
545 2948 587 3003 De
616 2949 697 3020 Fuga
718 2950 801 3005 recoli
852 2952 953 3002 abunde
972 2952 1132 3001 disserentes.
1146 2949 1195 3012 Qui
1214 2948 1322 3012 quidem
1330 2957 1366 2994 au·

290 3046 345 3098 oap.
365 3029 471 3101 7‚num.
491 3030 536 3102 433
547 3050 567 3089 s.
585 3036 796 3100 Augustinusiib.
849 3041 934 3087 utores
944 3035 990 3099 ipsi
1000 3041 1029 3084 ut
1038 3035 1172 3085 conficiant
1186 3033 1332 3083 versionem
1343 3043 1366 3077 a·

288 3109 358 3170 2120
369 3115 465 3173 Gener.
482 3120 550 3172 cont.
561 3116 798 3175 Maroboduu—
850 3121 1023 3172 icrandrinam
1032 3121 1160 3183 qnondam
1176 3109 1366 3168 babuisseadri

271 3253 274 3256 .
290 3206 395 3253 estnon
411 3217 539 3272 expresse3
552 3211 638 3271 aperte
658 3211 744 3256 autem
756 3207 799 3255 lib.
854 3204 922 3273 ipso7
937 3209 1028 3268 urgent
1041 3205 1219 3254 auctoritatem
1239 3216 1262 3252 s.
1272 3199 1366 3252 loannis

290 3281 320 3336 11
335 3283 378 3338 Do
388 3282 482 3340 Geras.
495 3287 532 3341 ad
548 3287 601 3342 tiit.
613 3303 636 3339 c.
649 3284 684 3342 36
701 3295 727 3340 et
739 3290 798 3339 aiibi
852 3289 982 3351 chrysost.
994 3285 1073 3338 Hom.
1084 3283 1116 3338 17
1131 3285 1160 3336 in
1174 3281 1366 3337 (decentiorem

289 3371 390 3436 passim3
399 3385 419 3422 s.
428 3373 567 3437 Gregorius
576 3376 612 3426 Μ.
623 3375 667 3424 lib.
677 3376 689 3424 1
698 3372 800 3428 Merui·
853 3379 909 3424 tum
919 3375 945 3423 in
954 3374 1065 3423 editione
1075 3370 1275 3436 Montiauconii‚
1286 3366 1366 3418 tamin

288 3450 797 3524 o·36‚n.53,nracterClaudiumMarium
849 3458 961 3509 editione
979 3457 1116 3507 Frontonis
1128 3455 1224 3504 Ducaei
1243 3453 1366 3517 reperitur

287 3539 397 3608 victorq
408 3539 536 3593 Alcimum
562 3542 679 3612 Avitum,
696 3543 798 3594 Enche·
850 3538 931 3599 αὐτὸς
943 3541 1005 3610 ipsc.
1020 3542 1107 3591 Plures
1125 3540 1202 3589 etiam
1213 3537 1366 3602 antiquiores

287 3623 365 3691 mum,
374 3625 524 3692 bunarium,
534 3627 637 3693 bedam,
656 3628 798 3695 liebertum,
850 3620 1367 3690 Patresiaunilegeruntipreffloutnon-

286 3722 307 3758 s.
318 3709 485 3779 bernardum,
503 3712 664 3779 Strabonem
682 3713 802 3762 Liranum
853 3711 917 3761 nulli
930 3711 1007 3760 etiam
1025 3709 1125 3759 codices
1137 3706 1234 3770 antiqui
1245 3703 1368 3768 Vui'gatsc

288 3799 339 3844 stc.
348 3790 414 3857 apud
422 3795 603 3847 Beliarminum
612 3792 743 3849 DeVerdo
752 3792 804 3847 Dei
855 3795 965 3845 retinent
975 3792 1038 3860 ipse.
1051 3793 1176 3841 Observat
1186 3795 1275 3840 autem
1285 3791 1367 3841 Mont-

289 3878 332 3929 iib·
341 3869 369 3944 2,
377 3891 400 3930 o.
410 3872 453 3930 12.
465 3879 586 3932 Attamen
596 3894 616 3928 s.
626 3881 800 3942 Hieronymus
852 3878 987 3930 sauconins
997 3879 1022 3926 in
1036 3877 1104 3926 notis
1116 3875 1148 3923 ad
1157 3875 1275 3940 Hexapla
1293 3873 1373 3934 orire

288 3963 350 4027 legit
359 3959 457 4032 ipsimi
466 3958 530 4015 hane
541 3964 678 4014 lectionem
690 3965 803 4014 adseruit
850 3963 894 4023 nis
904 3963 936 4011 ad
945 3957 1001 4024 can.
1013 3961 1105 4033 Genes.
1114 3953 1139 4016 3,
1154 3971 1179 4008 r.
1191 3951 1374 4019 ibiectio'nem

288 4047 315 4096 in
327 4042 435 4111 Ουαδιί.
447 4045 589 4100 Hebraicis
597 4060 672 4111 super
681 4047 799 4097 Genesin.
853 4040 921 4101 αὐτὴ
933 4041 1108 4114 ipsqreperiri
1118 4043 1144 4091 in
1154 4039 1376 4103 mssquibusdam,

292 4130 389 4182 Verum
397 4131 429 4182 de
438 4132 487 4183 boc
495 4135 646 4196 argumento
654 4130 689 4183 ci.
699 4129 803 4182 Bnnirc·
857 4134 884 4180 et
893 4129 958 4179 hanc
967 4128 1048 4179 rideri
1060 4126 1197 4177 tectionem
1210 4121 1293 4175 fuisse
1306 4125 1376 4175 rete·
