2828 4904
747 376 791 393 -·
808 337 874 408 l80
892 339 940 391 -'

78 474 230 553 epturover-
296 460 334 527 de
358 459 508 525 Valentia
527 456 590 547 lll,
612 468 650 527 nt
665 469 788 526 ceteros
812 470 1023 549 praeteream.
1042 464 1177 529 -llorum
1201 468 1383 550 argumenta

63 554 244 678 ΡᾙΜἛ,
297 563 337 629 ad
361 583 399 629 ea
422 585 506 651 quae
531 571 716 650 sequuntur
738 565 885 632 revocari
902 565 997 632 facile
1014 576 1163 655 possunt.

86 677 215 747 finitatem
394 671 504 735 Primo
538 669 670 756 quidem
704 670 750 734 ita
782 679 936 756 arguunt.
969 672 1105 738 Certum
1130 681 1198 739 est¹
1217 671 1382 740 Ecclesian

86 782 115 850 ’,
300 794 394 860 possc
418 773 669 839 controversiam
693 773 775 839 hanc
805 780 840 840 in
866 797 897 839 sc
925 783 1101 861 spectatam
1132 776 1168 842 in
1205 776 1382 844 alterutram

72 841 247 962 ξῗιῖᾞι
301 885 426 964 partem
450 876 603 943 dirimere
627 896 665 940 ac
685 875 830 941 definire.
855 879 1002 943 lamvero
1021 866 1137 965 nequit
1153 879 1307 946 Ecclesia
1327 902 1381 958 sau

63 981 249 1044 cinnamum·
300 983 335 1047 in
362 984 464 1071 partis
494 981 695 1048 adversantis
722 981 864 1046 favorem
895 982 1072 1062 dirimere,
1097 1003 1174 1048 cum
1197 983 1324 1050 iamdiu
1352 1006 1380 1052 ac

122 1059 177 1104 tum
303 1111 398 1178 saepe
423 1088 616 1154 sententiam
632 1086 673 1152 de
697 1087 904 1152 immaculato
920 1090 1086 1176 Conceptu
1109 1094 1202 1176 piam
1234 1091 1386 1156 vocaverit·

301 1215 339 1260 ac
355 1191 581 1274 declaraverit3
598 1212 673 1256 cum
689 1191 767 1255 huic
784 1190 848 1276 ipsi
865 1191 1011 1276 Virginis
1033 1191 1207 1281 privilegio
1224 1191 1384 1260 recolende·

301 1319 338 1364 ac
360 1295 555 1364 celebrando
579 1295 721 1373 cultum,
745 1294 897 1360 Officium
925 1296 1138 1375 canonicum,
1163 1298 1328 1376 Missam,
1346 1296 1381 1363 lo·

302 1412 455 1489 stumque
479 1399 670 1483 decreverit3
695 1403 770 1467 cnm
794 1399 935 1487 denique
957 1399 1184 1488 indulgentiis,
1210 1402 1374 1479 favoribus,

302 1503 483 1593 privilegiis
506 1502 607 1568 huius
629 1502 777 1591 mysterii
794 1503 938 1569 cultores
954 1504 1182 1570 cumulaverit.
1214 1506 1342 1572 Constat
1357 1504 1381 1569 i·

303 1610 411 1696 gitur,
435 1607 614 1675 Ecclesiam
637 1627 731 1693 posse
754 1607 840 1693 piam
866 1609 960 1672 unice
989 1608 1182 1674 sententiam
1210 1609 1375 1675 definitione

305 1713 431 1779 sancire
455 1710 509 1801 (2).
1077 1754 1081 1759 -
1206 1756 1208 1761 -
1400 1770 1406 1783 ,.

395 1820 552 1884 Rursum:
572 1813 655 1882 illud
668 1816 857 1904 defiostloms
872 1837 974 1903 capax
991 1826 1143 1883 censetur
1166 1825 1200 1884 et
1218 1827 1284 1898 est,
1305 1816 1375 1906 quel.

306 1925 482 1993 deducitur
497 1947 541 1989 ex
550 1922 680 1989 duabus
696 1925 973 2011 propositionibus
986 1945 1045 1988 suu
1059 1931 1096 1988 ut
1115 1934 1238 1991 vocant.
1248 1928 1371 2013 promit

213 2054 223 2065 ··
305 2036 446 2116 reiquae
462 2051 505 2094 ex
521 2026 582 2093 fide
606 2035 694 2105 snut,
712 2036 770 2094 aut
788 2027 900 2092 saltem
916 2048 958 2092 ex
974 2049 1038 2092 una
1055 2033 1236 2116 praemisso
1256 2046 1369 2116 qnaetp
1390 2058 1406 2099 r

209 2118 213 2123 ’
303 2135 366 2201 fide
381 2143 444 2213 est,
462 2142 495 2199 et
511 2156 553 2199 ex
569 2133 671 2201 altera
686 2154 770 2219 quae
788 2133 930 2198 naturali
946 2133 1071 2199 ratione
1090 2133 1263 2199 evidenter
1284 2130 1366 2218 cogni
1390 2165 1406 2205 ε

303 2243 420 2309 scitur.
440 2240 612 2307 Eiusmodi
631 2239 912 2318 enimobiectum,
928 2241 1137 2320 sedveritus,
1157 2251 1231 2322 aut,
1250 2243 1280 2308 si
1296 2240 1360 2332 lnltl

305 2343 484 2433 propositio
504 2352 554 2411 est
579 2342 736 2430 implicite
752 2364 789 2409 ac
814 2344 922 2422 tacite,
943 2344 993 2407 uti
1018 2345 1144 2410 scholae
1168 2345 1354 2433 loqnuntrat-
1390 2351 1406 2361 ’

308 2451 384 2527 Deo¹
400 2448 552 2528 revelata,
577 2447 619 2515 ob
641 2455 848 2515 necessarium
869 2468 984 2514 sacram
1007 2471 1074 2536 quo
1088 2450 1305 2536 coniungitur
1318 2458 1356 2511 1
1390 2508 1406 2519 „.

307 2554 360 2633 iis,
378 2575 462 2640 quae
478 2553 564 2621 clare
584 2560 683 2640 atque
700 2574 853 2640 expresse
869 2575 888 2617 a
904 2555 973 2618 Deo
990 2554 1130 2619 revelata
1144 2563 1233 2618 sunt.
1253 2554 1287 2620 Si
1301 2564 1360 2640 pam

307 2658 350 2724 iis
367 2658 499 2725 accedat
509 2659 686 2736 Ecclesiae,
711 2680 770 2723 seu
794 2659 918 2723 romani
936 2659 1101 2723 Pontificis
1124 2659 1283 2738 delinitio,
1303 2672 1359 2722 nent

309 2762 543 2831 catholicorum
559 2762 682 2829 inficias
700 2763 778 2841 ibit,
797 2763 878 2828 illud
895 2763 1069 2842 obiectum,
1084 2785 1142 2831 seu
1155 2764 1318 2830 veritatem
1327 2762 1362 2825 td
1402 2788 1406 2793 ·

309 2869 563 2957 propositionem
578 2867 666 2932 illam
683 2867 723 2934 ab
740 2867 890 2933 omnibus
906 2880 949 2933 ex
965 2868 1028 2937 fide
1050 2889 1130 2959 esse!
1137 2868 1320 2934 credendam
1327 2858 1363 2951 (ll

76 2957 259 3080 pamfli?
399 2976 522 3040 Verum
537 2974 701 3039 enimvero
717 2971 888 3037 ditlicultas
905 2975 993 3039 circa
1012 2972 1173 3038 eiusmodi
1196 2986 1362 3039 nexuum

92 3043 141 3149 ‘dr
158 3100 243 3150 cecu-
311 3091 425 3160 satur,
449 3101 546 3168 quem
563 3079 764 3168 praeseferre
788 3077 884 3143 debet
908 3078 1088 3166 propositio
1115 3078 1273 3165 implicite
1292 3074 1362 3141 aua

80 3174 259 3291 ‘Jilssnffi‘
309 3184 450 3264 revelata
481 3206 555 3250 curn
582 3185 667 3262 alia,
697 3204 861 3249 seucum
893 3183 965 3247 aliis
995 3182 1211 3263 veritatibus,
1236 3193 1363 3272 quaem·

101 3312 235 3362 vastatam
296 3312 443 3381 (presse,
470 3311 528 3355 seu
551 3290 704 3376 explicite
727 3287 768 3354 ab
792 3290 862 3375 ipso
886 3291 955 3354 Deo
978 3287 1139 3356 revelatae
1164 3272 1262 3368 sunt,
1285 3274 1363 3352 utel

77 3394 258 3507 affigi*
309 3404 409 3481 queat
425 3394 604 3478 dogmatica
629 3392 704 3458 fidei
719 3391 875 3457 delinitio.
893 3388 1317 3477 Quandoquidemnonnulli
1328 3400 1362 3448 t*

304 3508 437 3564 'tumant
461 3498 499 3562 ad
535 3497 731 3562 delinitionis
765 3497 1013 3584 possibilitatem
1036 3497 1224 3562 necessario
1246 3486 1360 3583 exposcis

307 3612 346 3669 ut
364 3603 557 3692 propositio,
573 3626 657 3690 quac
673 3602 852 3668 delinienda
869 3609 935 3682 est,
953 3602 1160 3668 contineatur
1180 3596 1359 3690 expressetl
1395 3640 1399 3646 -

308 3729 372 3795 que
388 3707 540 3794 explicite
558 3707 673 3772 sivein
692 3707 879 3796 Scriptura,
904 3706 1022 3775 sivein
1045 3705 1239 3785 traditione,
1257 3710 1308 3770 aut
1326 3690 1368 3764 εἴ

311 3823 376 3881 tem
400 3821 437 3876 ut
453 3812 493 3876 ab
512 3812 599 3876 hisce
623 3809 768 3876 lontibus
784 3833 843 3898 per
866 3811 1130 3898 consequentiam
1145 3819 1277 3887 certam,
1292 3814 1352 3872 nott
1400 3802 1403 3809 ’

311 3916 427 3981 sariam
440 3923 538 4002 atque
550 3914 731 3980 evidentem
744 3914 859 3980 deduci
873 3916 986 4002 possit,
1003 3923 1035 3980 et
1051 3915 1184 4004 quidem
1196 3936 1258 3980 uon
1274 3906 1354 3979 evil&
1402 3932 1406 3969 v

316 4125 319 4130 Ι
351 4154 384 4218 ”1)
405 4160 432 4207 lu
446 4153 471 4208 3.
486 4160 543 4208 Par.
557 4159 621 4222 disp.
634 4150 658 4207 2.
673 4164 771 4222 quaest.
790 4152 833 4211 27.
924 4149 1358 4224 t3ttta'cnspmstnop.cit.·l'ntt
1384 4099 1406 4219 ‚ll

348 4237 382 4311 (2)
402 4247 440 4296 lta
452 4248 587 4298 Suetonius
600 4247 650 4297 loc.
663 4248 705 4296 cit.
881 4243 1026 4313 amentem
1037 4238 1055 4296 2
1074 4247 1139 4310 disp.
1151 4237 1177 4297 2.
