2828 4904
34 437 165 520 passet3
195 449 347 495 concessa
375 436 541 516 praeterea
566 428 765 513 indulgentia
794 427 937 515 plenaria
969 425 1118 494 fidelibus

31 535 184 601 omnibus
209 533 273 597 rite
297 531 500 616 comparatis,
518 530 575 617 qni
596 531 636 596 nd
651 531 817 595 ecclesiam
838 528 912 595 lesti
935 528 1117 597 celebrandi

28 661 133 705 cansa
150 658 186 702 se
204 632 390 701 conferrent
406 631 459 721 ll).

108 745 254 808 Domum
266 738 353 804 haud
364 738 502 824 exiguae
515 738 658 803 laetitiae
670 738 832 824 praestitit
844 744 1069 823 argumentum
1080 736 1117 801 li·

27 844 140 910 hellus
154 842 293 930 supplex
308 863 404 928 quern
421 863 503 906 anno
516 837 602 909 1843
619 842 670 907 dic
679 838 722 906 10
738 839 917 906 decembris
932 839 1059 904 nomine
1072 848 1118 905 to·

29 948 106 1012 tius
128 943 321 1011 venerabilis
342 943 605 1010 praedicatorum
627 945 759 1011 Ordinis
785 944 938 1030 magister
959 943 1118 1029 generalis

35 1049 239 1117 sanctissimo
251 1046 399 1113 Pontifici
415 1047 544 1112 obtulit:
564 1047 604 1113 Ut
614 1049 649 1113 de
662 1052 833 1136 apostolica
845 1048 1029 1132 benegnitate
1047 1069 1119 1113 con·

11 1216 13 1223 .
34 1153 140 1219 cedere
163 1157 308 1217 universo
323 1173 380 1216 ene
400 1148 514 1215 erent
527 1150 785 1215 Praedicatornm
811 1151 995 1234 dignaretur
1012 1149 1117 1215 indal-

15 1270 119 1344 πω.
127 1256 284 1342 deinceps,
294 1258 387 1319 iacta
398 1257 564 1340 poprium
579 1259 688 1330 ritem,
699 1255 809 1337 sestam
823 1251 1034 1339 conceptionis
1045 1252 1118 1316 Dei-

24 1382 132 1449 parae
151 1356 331 1425 artocreae·
351 1378 421 1422 cnm
443 1368 554 1421 octava
569 1358 708 1433 solemni,
716 1368 815 1444 preat
830 1355 1025 1421 celebrantur
1038 1355 1117 1439 festa

32 1464 316 1537 conmutationis,
342 1459 565 1546 Assumptiont's
590 1484 628 1526 cc
654 1465 839 1526 sanctissimi
861 1460 991 1525 Recenti
1010 1460 1117 1525 beatae

35 1565 167 1631 Mariae
185 1562 346 1647 Virgines,
367 1585 486 1629 necnon
505 1573 542 1627 nt
556 1565 752 1648 praefationi
765 1564 878 1629 Messes
905 1562 1117 1650 Conceptiont's
1146 1636 1149 1643 ,

37 1666 144 1735 leone
158 1665 287 1733 uersae
308 1666 441 1751 Virgines
457 1665 623 1730 adderetur
637 1666 763 1732 verbnm
784 1666 999 1745 immaculata,
1016 1671 1118 1733 utica
1165 1655 1168 1661 ¹

30 1773 211 1860 apostatica
227 1775 415 1837 concessione
430 1774 500 1858 fieri
513 1773 625 1836 assent
635 1793 728 1858 penes
747 1770 878 1836 Ordines
899 1776 1002 1837 saneti
1014 1770 1119 1838 Fran-

30 1880 116 1943 cisas‘.
140 1908 190 1927 -
214 1873 334 1950 Quodne
345 1875 488 1962 precibus
502 1898 524 1940 a
540 1874 712 1940 Sanctitate
736 1874 804 1940 Sne
814 1885 1018 1962 peramanter
1032 1897 1118 1941 ecce·

32 1985 113 2067 ptis,
122 1980 161 2045 de
174 1979 307 2066 speciali
317 1983 425 2063 qratia
440 1978 564 2064 benigne
581 1984 694 2043 annatt
708 1984 799 2044 tanta
811 1984 911 2066 petite
928 1976 981 2065 (2).

124 2085 236 2168 Atque
250 2080 304 2145 hic
318 2077 383 2144 luit
398 2081 505 2146 exitus
522 2102 618 2179 quem
633 2080 788 2147 haetenus
804 2082 919 2148 habuit
933 2091 1116 2148 controver·
1230 2130 1238 2146 .

34 2185 85 2250 sia
106 2184 243 2262 isthaec,
260 2206 344 2271 qnae
360 2207 379 2250 a
395 2184 547 2249 tenuibus
564 2194 675 2250 exorta
692 2186 871 2272 principiis,
887 2185 993 2269 longa·
1005 2206 1116 2250 saecu-

32 2286 142 2353 lorum
159 2286 246 2353 serie
273 2295 346 2374 post
362 2293 408 2352 tot
422 2287 640 2353 contentiones
657 2294 689 2353 et
711 2286 959 2374 disceptationes
981 2288 1027 2352 ita
1044 2309 1116 2373 pro

31 2411 145 2478 gressa
160 2397 224 2469 est,
240 2398 278 2456 nt
300 2391 354 2478 pia
377 2391 534 2456 sententia
556 2392 658 2477 magis
682 2413 719 2456 ac
742 2391 842 2477 magis
858 2392 892 2456 in
908 2412 1005 2455 annos
1029 2391 1117 2457 inva-

33 2493 147 2573 lnorit‚
163 2491 265 2559 donee
280 2493 347 2559 sola
369 2494 403 2559 in
420 2494 575 2560 catholica
597 2494 741 2560 Ecclesia
766 2495 808 2559 sit
830 2494 1002 2572 dominata,
1020 2484 1117 2581 atque

33 2596 216 2665 mensali
231 2618 362 2684 unoque
385 2619 465 2686 pene
489 2619 646 2664 consensu
669 2607 803 2686 excepta
829 2597 931 2664 luerit
946 2620 983 2664 ae
998 2619 1117 2687 propu-

34 2710 144 2789 gnata.

389 2860 758 2981 ennunv.

172 3125 381 3174 rrsrruonra
405 3127 537 3175 nrnnrca
561 3127 650 3189 culn
674 3127 751 3176 aran
776 3125 984 3176 scurnnnrnn

194 3231 238 3277 nn
255 3210 486 3278 inuenerunt
503 3234 531 3277 n.
545 3233 698 3280 ernanus
723 3233 960 3280 coucnnrronn

387 3332 577 3382 unvnnsunr
597 3338 772 3384 vrnnnrnn

123 3521 208 3588 Cum
233 3521 436 3608 propositum
462 3523 541 3588 milri
565 3524 656 3589 sitin
673 3525 809 3588 huiusce
837 3523 991 3589 historica
1019 3522 1112 3589 lucu-

42 3622 191 3690 lrrationis
215 3631 308 3711 parte
327 3647 365 3690 ea
386 3625 511 3690 sincero
534 3628 639 3692 animo
662 3629 695 3692 in
719 3626 1010 3705 medianarum,
1028 3647 1112 3712 qnae

43 3736 94 3793 sut
107 3727 250 3794 larentia
278 3736 336 3792 aut
363 3726 564 3795 adversantia
592 3731 664 3816 piae
682 3730 720 3795 de
738 3715 942 3795 immaculato
965 3729 1110 3814 Virginis

43 3828 200 3918 l'cnceplu
211 3828 412 3910 sententiae,
430 3830 492 3897 alia
508 3831 548 3898 ah
565 3832 639 3899 aliis
655 3834 809 3902 contrarii
837 3833 947 3920 placiti
969 3831 1113 3920 patronis

78 4117 109 4190 tl)
127 4121 168 4174 Cf·
179 4102 321 4187 tenendis
691 4118 727 4193 (2)
745 4123 784 4174 cr.
797 4122 936 4189 appelare.
