2828 4904
303 458 364 522 Dei
374 465 480 544 peauit
495 465 528 524 ia
543 459 772 526 similitudieem
787 464 892 525 corais
910 465 1040 548 peceati.
1073 459 1140 536 Qui
1163 457 1281 526 deindo
1309 462 1378 528 ideo

303 582 429 625 earnem
446 562 590 647 Virginis
608 562 672 627 diei
698 561 839 626 declarat
861 585 985 628 caruem
1008 568 1143 649 peceati,
1158 563 1247 649 quod
1263 565 1378 632 hebeat
1412 594 1413 599 ¹

302 665 335 727 in
351 687 386 729 se
403 673 580 751 peceatum,
598 664 763 731 abiiciens:
792 665 831 731 st
843 671 922 730 euim
942 688 1016 730 aare
1038 672 1163 753 peceati
1175 689 1241 732 voe
1256 671 1379 735 menda-

302 775 376 834 citer
395 772 522 848 dieitur,
537 769 625 837 babet
640 777 673 837 iu
689 795 718 836 se
734 793 808 841 vero
831 777 905 858 epse
917 783 1090 858 peecatum.
1115 770 1154 834 Si
1173 795 1249 836 vero
1270 796 1377 862 pecea-

300 884 365 936 tum
380 896 442 939 ave
457 874 559 952 babet,
574 875 690 958 feisum
705 886 818 962 portat
834 879 939 940 caruis
954 880 1077 962 peceati
1097 875 1298 941 vocabulum.
1325 877 1379 943 Sei

299 997 366 1039 eam
381 977 416 1039 de
432 979 684 1064 qua'loquimur,
700 998 824 1042 caruem
842 981 966 1065 peeeeti
983 998 1084 1042 verae
1106 977 1281 1064 dicipulus
1305 984 1378 1044 veri-

298 1087 371 1146 tatis
387 1082 511 1148 Paulus
528 1085 677 1170 appellet.
696 1084 804 1147 Restat
819 1087 1142 1167 ipitur,uteieutvere
1159 1105 1235 1148 earo
1253 1096 1300 1149 est
1315 1107 1378 1150 cura

298 1206 372 1248 earo
394 1185 522 1261 dieitur,
544 1191 590 1249 ita
610 1207 679 1249 vere
699 1191 732 1250 iu
752 1207 784 1264 se
804 1196 967 1272 peecatum
987 1184 1110 1262 babeat,
1126 1207 1195 1251 eum
1218 1208 1298 1252 earo
1317 1209 1378 1277 pee-

298 1292 363 1350 eeti
377 1309 429 1351 ore
447 1289 616 1373 apostoliea
627 1298 838 1373 -uuueupatur
861 1284 915 1374 (i)

104 1409 246 1460 sanandus
387 1389 500 1473 Neque
517 1389 557 1452 ab
574 1411 611 1453 ea
629 1391 761 1453 recessit
782 1389 927 1455 doctrine
952 1389 1133 1476 discipulus
1151 1391 1224 1455 eius
1242 1391 1376 1457 Ferrau

70 1479 198 1531 diaeonus.
298 1490 359 1554 dus
376 1490 531 1579 diaeonus
554 1493 631 1557 haec
660 1491 824 1557 scribens:
858 1493 898 1558 Iu
920 1515 1013 1558 aerae
1043 1491 1160 1558 Christi
1189 1505 1317 1560 natura
1339 1505 1376 1557 est

184 1594 208 1673 ‚s
297 1606 421 1660 uestrae
445 1603 560 1675 aereis,
575 1600 627 1662 sed
647 1621 710 1664 uou
731 1604 887 1686 reperitur
915 1601 1009 1685 eulpa
1039 1610 1185 1664 veterae.
1216 1598 1273 1664 Sic
1303 1621 1372 1664 earo

301 1695 418 1763 Christi
431 1706 522 1765 aerei
534 1700 658 1766 Mariae
673 1714 702 1766 et
715 1703 833 1788 similis,
850 1714 879 1767 et
900 1702 1066 1766 dissimeiis:
1080 1702 1200 1779 rimatis,
1218 1706 1298 1789 quia
1313 1702 1375 1768 teu

297 1807 400 1867 traxit
425 1808 586 1887 oripiuem5
600 1804 764 1881 dissimiles,
786 1810 860 1890 quie
875 1826 938 1870 aaa
960 1805 1030 1870 iaie
1056 1809 1219 1870 contraxit
1245 1810 1372 1871 vitiatae

298 1910 426 1989 oripiuis
442 1914 663 1991 eoatapiouem:
675 1909 796 1984 similis,
807 1913 954 1994 quereiam
966 1909 1036 1972 lieet
1046 1909 1265 1987 voluntarias,
1277 1922 1371 1976 tameo

298 2031 389 2074 veras
413 2015 506 2075 sensit
532 2013 740 2098 infirmitatem
764 2011 928 2089 dissimilis,
943 2015 1099 2099 'quouiam
1124 2013 1233 2077 aulius
1254 2018 1372 2101 penita

298 2134 392 2199 aeque
402 2136 462 2201 per
477 2117 677 2193 veiuetatem,
690 2137 790 2203 aeque¹
797 2136 856 2201 per
871 2119 1083 2200 ipuerautiam
1099 2121 1253 2181 commisit
1267 2119 1369 2204 ieipai-

297 2229 386 2282 tates:
401 2221 508 2283 similis
522 2223 597 2305 quia
610 2218 776 2306 passibilis,
793 2231 822 2284 et
836 2220 993 2294 mortalis,·
1010 2220 1177 2297 dissimilis,
1194 2226 1278 2307 quia
1298 2225 1363 2285 reeo-

291 2321 507 2407 ivquiuabiiis,
525 2334 554 2387 et
568 2326 761 2410 vivificatrix
777 2326 869 2387 etiem
883 2332 1079 2386 mortuorum
1094 2316 1147 2408 (2).

72 2450 97 2500 s.
118 2443 244 2508 niloelph.
303 2462 305 2466 ⁴
386 2424 419 2489 S.
436 2425 683 2513 Hildelphonsus
701 2425 859 2489 toletanus
877 2425 996 2510 pietate
1011 2425 1046 2488 in
1062 2424 1192 2490 beatam
1209 2426 1369 2513 Virginem

296 2524 465 2592 admodum
480 2528 588 2593 clarus
602 2529 637 2592 in
651 2527 735 2593 libro
751 2528 796 2591 De
807 2540 960 2615 perpetue
975 2532 1154 2612 virpiuitete
1180 2528 1293 2595 beatae
1307 2528 1368 2596 Me·
1411 2598 1413 2607 ,

297 2636 363 2696 riae
379 2653 447 2696 eam
470 2633 504 2696 in
519 2639 613 2696 utero
629 2631 855 2696 sanctificatam
872 2639 904 2696 et
920 2631 960 2695 ab
977 2631 1063 2696 omni
1078 2639 1253 2722 purgatam
1281 2631 1368 2717 origi
1410 2620 1413 2657 ⁵

298 2735 348 2799 nis
364 2733 436 2800 labe
465 2734 585 2799 diserte
612 2733 782 2820 profitetur
798 2725 848 2799 his
863 2733 983 2801 verbis:
1008 2734 1050 2801 Ar
1065 2757 1138 2801 vero
1158 2735 1254 2802 beata
1270 2737 1369 2802 Morio

298 2842 368 2906 iicet
379 2845 448 2927 ipse
461 2841 496 2904 de
513 2861 606 2904 verae
616 2845 735 2926 peceati
745 2845 784 2903 sit
796 2851 887 2915 aete,
895 2850 923 2903 et
933 2851 1114 2925 procreate,
1124 2844 1256 2927 ipseque
1269 2861 1368 2928 querr-

298 2949 344 3008 vis
362 2966 436 3008 aero
446 2948 570 3030 peceati
581 2944 686 3027 fuerit,
703 2955 766 3007 uve
781 2954 855 3007 tuae
873 2947 937 3006 iem
954 2965 993 3007 ee
1003 2948 1220 3030 praeveniente
1238 2943 1369 3030 Spiritui
1410 2964 1413 2971 ·

298 3046 410 3112 Sancti
425 3032 536 3130 pretia
549 3046 587 3110 eb
605 3046 721 3131 Aapeio
743 3067 824 3132 pree
847 3045 985 3109 omnibus
1009 3045 1189 3111 mulieribus
1216 3044 1368 3141 beeedieta

298 3162 439 3217 vovetur.
456 3150 592 3237 Spiritus
607 3149 742 3215 Serretes
757 3154 949 3235 superveniet
963 3154 997 3214 iu
1012 3160 1053 3226 te,
1064 3161 1092 3214 et
1106 3154 1207 3215 virtus
1226 3150 1369 3216 Altissimi

299 3254 490 3320 obumbrabit
505 3255 569 3319 tibi.
594 3254 723 3340 Alioqui
736 3259 764 3317 si
776 3275 840 3317 uou
855 3253 956 3316 eodem
971 3251 1093 3339 Spiritu
1107 3255 1307 3339 sanctificata
1323 3264 1367 3327 est,

300 3370 328 3423 et
341 3359 520 3436 emuodete,
534 3358 683 3446 quomodo
699 3362 762 3422 eius
777 3379 863 3434 cero,
875 3377 939 3422 aaa
953 3378 1028 3420 aare
1039 3361 1163 3443 peooeti
1182 3357 1267 3441 suit?
1286 3359 1329 3423 Et
1346 3359 1367 3420 vi
1401 3368 1404 3429 ζ

299 3484 373 3528 cero
400 3468 463 3529 eius
478 3465 513 3527 de
528 3485 629 3528 messa
648 3467 772 3550 primae
794 3465 1079 3548 praevaricationis
1104 3465 1203 3536 veui&
1221 3460 1366 3549 quomodo

303 3564 441 3632 Christus
461 3567 590 3633 Verbum
605 3589 679 3632 earo
695 3571 758 3631 siue
774 3576 903 3651 peceato
930 3567 992 3649 suit
1013 3571 1068 3654 qui
1082 3566 1117 3630 de
1133 3587 1229 3630 verere
1254 3566 1368 3656 peceati

298 3693 421 3738 caruem
437 3677 615 3758 assumpsit;
629 3675 691 3735 uisi
715 3674 790 3756 puio
814 3667 943 3734 Verbum
965 3671 1049 3756 quod
1070 3693 1143 3735 earo
1169 3671 1292 3754 foetum
1320 3678 1366 3741 est,
1399 3702 1413 3715 ν

212 3766 217 3776 ’
299 3796 365 3840 eam
388 3782 524 3862 primum
551 3776 754 3852 obumbravit,
770 3778 803 3839 ia
815 3794 913 3859 ‚quo-m
928 3772 1066 3863 Spiritus
1080 3776 1216 3842 Servatus
1233 3792 1367 3864 superet·
1409 3796 1413 3803 ’

302 4147 334 4216 ti)
352 4150 409 4214 Cep.
420 4146 497 4217 157n.
509 4143 552 4201 29.
939 4143 974 4218 (2)
992 4151 1066 4214 Apud
1079 4150 1167 4202 Peter·
1181 4149 1232 4201 loa.
1243 4151 1287 4200 eit.
