<?xml version="1.0" encoding="UTF-8"?>
<!DOCTYPE html PUBLIC "-//W3C//DTD XHTML 1.0 Transitional//EN"
    "http://www.w3.org/TR/xhtml1/DTD/xhtml1-transitional.dtd">
<html xmlns="http://www.w3.org/1999/xhtml" xml:lang="en" lang="en">
 <head>
  <title>
</title>
<meta http-equiv="Content-Type" content="text/html;charset=utf-8" />
  <meta name='ocr-system' content='tesseract 3.04.00' />
  <meta name='ocr-capabilities' content='ocr_page ocr_carea ocr_par ocr_line ocrx_word'/>
</head>
<body>
  <div class='ocr_page' id='page_1' title='image "./deimmaculatobvm00perrgoog_0096.png"; bbox 0 0 2828 4904; ppageno 0'>
   <div class='ocr_carea' id='block_1_1' title="bbox 436 314 614 384">
    <p class='ocr_par' dir='ltr' id='par_1_1' title="bbox 436 314 614 384">
     <span class='ocr_line' id='line_1_1' title="bbox 436 314 614 384; baseline 0 -17"><span class='ocrx_word' id='word_1_1' title='bbox 436 314 614 384; x_wconf 81' lang='grc'><strong>...79-</strong></span> 
     </span>
    </p>
   </div>
   <div class='ocr_carea' id='block_1_2' title="bbox 105 433 1068 524">
    <p class='ocr_par' dir='ltr' id='par_1_2' title="bbox 105 433 1068 524">
     <span class='ocr_line' id='line_1_2' title="bbox 105 433 1068 524; baseline 0.003 -24"><span class='ocrx_word' id='word_1_2' title='bbox 105 442 144 500; x_wconf 85' lang='lat' dir='ltr'>et</span> <span class='ocrx_word' id='word_1_3' title='bbox 158 435 264 500; x_wconf 91' lang='lat' dir='ltr'>amori</span> <span class='ocrx_word' id='word_1_4' title='bbox 289 434 500 522; x_wconf 83' lang='lat' dir='ltr'>prospiceret3</span> <span class='ocrx_word' id='word_1_5' title='bbox 516 434 648 499; x_wconf 89' lang='lat' dir='ltr'>minime</span> <span class='ocrx_word' id='word_1_6' title='bbox 663 453 741 500; x_wconf 83' lang='lat' dir='ltr'>vero</span> <span class='ocrx_word' id='word_1_7' title='bbox 751 433 833 501; x_wconf 77' lang='lat' dir='ltr'>&#39;huic</span> <span class='ocrx_word' id='word_1_8' title='bbox 851 435 953 501; x_wconf 89' lang='lat' dir='ltr'>amori</span> <span class='ocrx_word' id='word_1_9' title='bbox 970 443 1068 524; x_wconf 87' lang='lat' dir='ltr'>atque</span> 
     </span>
    </p>
   </div>
   <div class='ocr_carea' id='block_1_3' title="bbox 96 539 1070 1360">
    <p class='ocr_par' dir='ltr' id='par_1_3' title="bbox 96 539 1070 1360">
     <span class='ocr_line' id='line_1_3' title="bbox 104 539 1068 628; baseline 0.002 -23"><span class='ocrx_word' id='word_1_10' title='bbox 104 540 346 620; x_wconf 87' lang='lat' dir='ltr'>consuluisset,</span> <span class='ocrx_word' id='word_1_11' title='bbox 365 541 393 604; x_wconf 92' lang='lat' dir='ltr'>si</span> <span class='ocrx_word' id='word_1_12' title='bbox 413 562 483 605; x_wconf 91' lang='lat' dir='ltr'>cam</span> <span class='ocrx_word' id='word_1_13' title='bbox 501 539 657 605; x_wconf 89' lang='lat' dir='ltr'>maculari</span> <span class='ocrx_word' id='word_1_14' title='bbox 681 539 833 628; x_wconf 75' lang='lat' dir='ltr'>originali</span> <span class='ocrx_word' id='word_1_15' title='bbox 856 541 936 608; x_wconf 86' lang='lat' dir='ltr'>vitio</span> <span class='ocrx_word' id='word_1_16' title='bbox 953 563 1068 628; x_wconf 89' lang='lat' dir='ltr'>passus</span> 
     </span>
     <span class='ocr_line' id='line_1_4' title="bbox 96 644 1070 732; baseline 0.005 -24"><span class='ocrx_word' id='word_1_17' title='bbox 96 667 170 709; x_wconf 87' lang='lat' dir='ltr'>:um</span> <span class='ocrx_word' id='word_1_18' title='bbox 188 646 348 732; x_wconf 90' lang='lat' dir='ltr'>potuisset</span> <span class='ocrx_word' id='word_1_19' title='bbox 376 645 552 732; x_wconf 86' lang='lat' dir='ltr'>singularis</span> <span class='ocrx_word' id='word_1_20' title='bbox 569 644 799 732; x_wconf 81' lang='lat' dir='ltr'>redemptionis</span> <span class='ocrx_word' id='word_1_21' title='bbox 816 666 877 732; x_wconf 92' lang='lat' dir='ltr'>ope</span> <span class='ocrx_word' id='word_1_22' title='bbox 894 645 1070 713; x_wconf 90' lang='lat' dir='ltr'>immunem</span> 
     </span>
     <span class='ocr_line' id='line_1_5' title="bbox 96 750 1069 839; baseline 0.002 -26"><span class='ocrx_word' id='word_1_23' title='bbox 96 779 101 812; x_wconf 81' lang='lat' dir='ltr'>i</span> <span class='ocrx_word' id='word_1_24' title='bbox 122 750 294 817; x_wconf 89' lang='lat' dir='ltr'>eiusmodi·</span> <span class='ocrx_word' id='word_1_25' title='bbox 312 751 438 817; x_wconf 90' lang='lat' dir='ltr'>macula</span> <span class='ocrx_word' id='word_1_26' title='bbox 462 752 685 838; x_wconf 77' lang='lat' dir='ltr'>integramque</span> <span class='ocrx_word' id='word_1_27' title='bbox 703 772 843 817; x_wconf 83' lang='lat' dir='ltr'>servare.</span> <span class='ocrx_word' id='word_1_28' title='bbox 859 752 948 817; x_wconf 86' lang='lat' dir='ltr'>Hanc</span> <span class='ocrx_word' id='word_1_29' title='bbox 965 751 1069 839; x_wconf 91' lang='lat' dir='ltr'>ipsam</span> 
     </span>
     <span class='ocr_line' id='line_1_6' title="bbox 96 855 1069 943; baseline 0.002 -24"><span class='ocrx_word' id='word_1_30' title='bbox 96 877 145 920; x_wconf 69' lang='lat' dir='ltr'>‚ae</span> <span class='ocrx_word' id='word_1_31' title='bbox 165 855 325 921; x_wconf 88' lang='lat' dir='ltr'>rationem</span> <span class='ocrx_word' id='word_1_32' title='bbox 341 867 458 942; x_wconf 84' lang='lat' dir='ltr'>urgent</span> <span class='ocrx_word' id='word_1_33' title='bbox 470 856 569 920; x_wconf 87' lang='lat' dir='ltr'>otiam</span> <span class='ocrx_word' id='word_1_34' title='bbox 584 877 625 919; x_wconf 86' lang='lat' dir='ltr'>cx</span> <span class='ocrx_word' id='word_1_35' title='bbox 642 862 734 943; x_wconf 88' lang='lat' dir='ltr'>parte</span> <span class='ocrx_word' id='word_1_36' title='bbox 757 855 863 943; x_wconf 88' lang='lat' dir='ltr'>ipsius</span> <span class='ocrx_word' id='word_1_37' title='bbox 876 855 952 920; x_wconf 85' lang='lat' dir='ltr'>Filii</span> <span class='ocrx_word' id='word_1_38' title='bbox 970 864 1069 943; x_wconf 84' lang='lat' dir='ltr'>prout</span> 
     </span>
     <span class='ocr_line' id='line_1_7' title="bbox 96 958 1068 1047; baseline 0.001 -23"><span class='ocrx_word' id='word_1_39' title='bbox 96 959 164 1024; x_wconf 81' lang='lat' dir='ltr'>sibi</span> <span class='ocrx_word' id='word_1_40' title='bbox 183 966 317 1025; x_wconf 88' lang='lat' dir='ltr'>matrem</span> <span class='ocrx_word' id='word_1_41' title='bbox 334 958 463 1045; x_wconf 79' lang='lat' dir='ltr'>delegit.</span> <span class='ocrx_word' id='word_1_42' title='bbox 480 961 522 1024; x_wconf 86' lang='lat' dir='ltr'>Et</span> <span class='ocrx_word' id='word_1_43' title='bbox 546 980 622 1024; x_wconf 87' lang='lat' dir='ltr'>sane</span> <span class='ocrx_word' id='word_1_44' title='bbox 644 958 800 1047; x_wconf 72' lang='lat' dir='ltr'>quideme</span> <span class='ocrx_word' id='word_1_45' title='bbox 824 959 975 1025; x_wconf 88' lang='lat' dir='ltr'>Christus</span> <span class='ocrx_word' id='word_1_46' title='bbox 999 969 1068 1039; x_wconf 89' lang='lat' dir='ltr'>est,</span> 
     </span>
     <span class='ocr_line' id='line_1_8' title="bbox 96 1063 1069 1153; baseline -0.001 -22"><span class='ocrx_word' id='word_1_47' title='bbox 96 1065 140 1131; x_wconf 92' lang='lat' dir='ltr'>bi</span> <span class='ocrx_word' id='word_1_48' title='bbox 176 1064 315 1131; x_wconf 87' lang='lat' dir='ltr'>Mariam</span> <span class='ocrx_word' id='word_1_49' title='bbox 348 1065 381 1130; x_wconf 94' lang='lat' dir='ltr'>in</span> <span class='ocrx_word' id='word_1_50' title='bbox 409 1072 545 1130; x_wconf 88' lang='lat' dir='ltr'>matrem</span> <span class='ocrx_word' id='word_1_51' title='bbox 576 1063 724 1133; x_wconf 82' lang='lat' dir='ltr'>adscivit.</span> <span class='ocrx_word' id='word_1_52' title='bbox 761 1063 856 1144; x_wconf 87' lang='lat' dir='ltr'>Quod</span> <span class='ocrx_word' id='word_1_53' title='bbox 893 1064 920 1129; x_wconf 90' lang='lat' dir='ltr'>si</span> <span class='ocrx_word' id='word_1_54' title='bbox 953 1086 1069 1153; x_wconf 90' lang='lat' dir='ltr'>paron-</span> 
     </span>
     <span class='ocr_line' id='line_1_9' title="bbox 96 1168 1068 1250; baseline -0.002 -14"><span class='ocrx_word' id='word_1_55' title='bbox 96 1191 181 1236; x_wconf 87' lang='lat' dir='ltr'>ecus</span> <span class='ocrx_word' id='word_1_56' title='bbox 210 1191 251 1234; x_wconf 86' lang='lat' dir='ltr'>ex</span> <span class='ocrx_word' id='word_1_57' title='bbox 278 1171 439 1236; x_wconf 91' lang='lat' dir='ltr'>communi</span> <span class='ocrx_word' id='word_1_58' title='bbox 463 1191 559 1235; x_wconf 89' lang='lat' dir='ltr'>sensu</span> <span class='ocrx_word' id='word_1_59' title='bbox 588 1171 621 1236; x_wconf 92' lang='lat' dir='ltr'>in</span> <span class='ocrx_word' id='word_1_60' title='bbox 656 1171 739 1237; x_wconf 82' lang='lat' dir='ltr'>filios</span> <span class='ocrx_word' id='word_1_61' title='bbox 763 1168 946 1250; x_wconf 83' lang='lat' dir='ltr'>redundat,</span> <span class='ocrx_word' id='word_1_62' title='bbox 985 1170 1068 1235; x_wconf 91' lang='lat' dir='ltr'>mul-</span> 
     </span>
     <span class='ocr_line' id='line_1_10' title="bbox 96 1272 1069 1360; baseline 0 -23"><span class='ocrx_word' id='word_1_63' title='bbox 96 1273 185 1358; x_wconf 83' lang='lat' dir='ltr'>mgis</span> <span class='ocrx_word' id='word_1_64' title='bbox 207 1294 320 1338; x_wconf 84' lang='lat' dir='ltr'>verum</span> <span class='ocrx_word' id='word_1_65' title='bbox 348 1280 446 1350; x_wconf 88' lang='lat' dir='ltr'>osset,</span> <span class='ocrx_word' id='word_1_66' title='bbox 463 1273 491 1337; x_wconf 88' lang='lat' dir='ltr'>si</span> <span class='ocrx_word' id='word_1_67' title='bbox 516 1272 590 1338; x_wconf 89' lang='lat' dir='ltr'>filiis</span> <span class='ocrx_word' id='word_1_68' title='bbox 608 1272 720 1338; x_wconf 89' lang='lat' dir='ltr'>datum</span> <span class='ocrx_word' id='word_1_69' title='bbox 743 1272 828 1338; x_wconf 79' lang='lat' dir='ltr'>soret</span> <span class='ocrx_word' id='word_1_70' title='bbox 849 1279 999 1360; x_wconf 89' lang='lat' dir='ltr'>parentes</span> <span class='ocrx_word' id='word_1_71' title='bbox 1027 1272 1069 1337; x_wconf 91' lang='lat' dir='ltr'>si-</span> 
     </span>
    </p>
   </div>
   <div class='ocr_carea' id='block_1_4' title="bbox 96 1373 1155 1463">
    <p class='ocr_par' dir='ltr' id='par_1_4' title="bbox 96 1373 1155 1463">
     <span class='ocr_line' id='line_1_11' title="bbox 96 1373 1155 1463; baseline -0.001 -23"><span class='ocrx_word' id='word_1_72' title='bbox 96 1374 236 1460; x_wconf 85' lang='lat' dir='ltr'>eiigere.</span> <span class='ocrx_word' id='word_1_73' title='bbox 250 1374 300 1439; x_wconf 88' lang='lat' dir='ltr'>liii</span> <span class='ocrx_word' id='word_1_74' title='bbox 318 1375 404 1439; x_wconf 88' lang='lat' dir='ltr'>enim</span> <span class='ocrx_word' id='word_1_75' title='bbox 424 1396 601 1463; x_wconf 83' lang='lat' dir='ltr'><strong>numquam</strong></span> <span class='ocrx_word' id='word_1_76' title='bbox 625 1383 750 1462; x_wconf 88' lang='lat' dir='ltr'>patrem</span> <span class='ocrx_word' id='word_1_77' title='bbox 767 1383 825 1440; x_wconf 90' lang='lat' dir='ltr'>aut</span> <span class='ocrx_word' id='word_1_78' title='bbox 847 1381 981 1441; x_wconf 90' lang='lat' dir='ltr'>matrem</span> <span class='ocrx_word' id='word_1_79' title='bbox 1005 1373 1069 1439; x_wconf 90' lang='lat' dir='ltr'>sibi</span> <span class='ocrx_word' id='word_1_80' title='bbox 1148 1390 1155 1404; x_wconf 84' lang='lat'><strong>·</strong></span> 
     </span>
    </p>
   </div>
   <div class='ocr_carea' id='block_1_5' title="bbox 95 1475 1071 2711">
    <p class='ocr_par' dir='ltr' id='par_1_5' title="bbox 95 1475 1071 2292">
     <span class='ocr_line' id='line_1_12' title="bbox 95 1475 1068 1564; baseline 0.001 -23"><span class='ocrx_word' id='word_1_81' title='bbox 95 1484 209 1541; x_wconf 88' lang='lat' dir='ltr'>tarent</span> <span class='ocrx_word' id='word_1_82' title='bbox 225 1476 282 1564; x_wconf 90' lang='lat' dir='ltr'>qui</span> <span class='ocrx_word' id='word_1_83' title='bbox 296 1476 446 1543; x_wconf 81' lang='lat' dir='ltr'>infamiae</span> <span class='ocrx_word' id='word_1_84' title='bbox 457 1484 533 1543; x_wconf 91' lang='lat' dir='ltr'>nota</span> <span class='ocrx_word' id='word_1_85' title='bbox 545 1477 720 1564; x_wconf 88' lang='lat' dir='ltr'>aliquando</span> <span class='ocrx_word' id='word_1_86' title='bbox 732 1477 835 1543; x_wconf 91' lang='lat' dir='ltr'>inusti</span> <span class='ocrx_word' id='word_1_87' title='bbox 848 1475 1009 1544; x_wconf 85' lang='lat' dir='ltr'>fuissent:</span> <span class='ocrx_word' id='word_1_88' title='bbox 1033 1475 1068 1542; x_wconf 92' lang='lat' dir='ltr'>id</span> 
     </span>
     <span class='ocr_line' id='line_1_13' title="bbox 96 1578 1070 1666; baseline 0.004 -24"><span class='ocrx_word' id='word_1_89' title='bbox 96 1579 281 1666; x_wconf 79' lang='lat' dir='ltr'>aipsorum</span> <span class='ocrx_word' id='word_1_90' title='bbox 304 1578 443 1645; x_wconf 86' lang='lat' dir='ltr'>dedecus</span> <span class='ocrx_word' id='word_1_91' title='bbox 460 1589 617 1666; x_wconf 81' lang='lat' dir='ltr'>vergeret.</span> <span class='ocrx_word' id='word_1_92' title='bbox 643 1580 726 1646; x_wconf 87' lang='lat' dir='ltr'>Cum</span> <span class='ocrx_word' id='word_1_93' title='bbox 754 1581 857 1666; x_wconf 81' lang='lat' dir='ltr'>igitur</span> <span class='ocrx_word' id='word_1_94' title='bbox 884 1580 918 1645; x_wconf 94' lang='lat' dir='ltr'>in</span> <span class='ocrx_word' id='word_1_95' title='bbox 948 1579 1070 1647; x_wconf 78' lang='lat' dir='ltr'>Christi</span> 
     </span>
     <span class='ocr_line' id='line_1_14' title="bbox 98 1682 1069 1772; baseline 0 -22"><span class='ocrx_word' id='word_1_96' title='bbox 98 1694 137 1750; x_wconf 87' lang='lat' dir='ltr'>te</span> <span class='ocrx_word' id='word_1_97' title='bbox 162 1682 264 1751; x_wconf 82' lang='lat' dir='ltr'>suerit</span> <span class='ocrx_word' id='word_1_98' title='bbox 288 1687 522 1752; x_wconf 84' lang='lat' dir='ltr'>sanctissimam</span> <span class='ocrx_word' id='word_1_99' title='bbox 546 1709 583 1752; x_wconf 90' lang='lat' dir='ltr'>ac</span> <span class='ocrx_word' id='word_1_100' title='bbox 599 1685 838 1751; x_wconf 89' lang='lat' dir='ltr'>immaculatam</span> <span class='ocrx_word' id='word_1_101' title='bbox 862 1685 926 1750; x_wconf 86' lang='lat' dir='ltr'>sibi</span> <span class='ocrx_word' id='word_1_102' title='bbox 953 1707 1069 1772; x_wconf 87' lang='lat' dir='ltr'>paren-</span> 
     </span>
     <span class='ocr_line' id='line_1_15' title="bbox 96 1787 1069 1876; baseline 0 -24"><span class='ocrx_word' id='word_1_103' title='bbox 96 1788 222 1874; x_wconf 81' lang='lat' dir='ltr'>ligere,</span> <span class='ocrx_word' id='word_1_104' title='bbox 262 1787 477 1854; x_wconf 91' lang='lat' dir='ltr'>dubitandum</span> <span class='ocrx_word' id='word_1_105' title='bbox 505 1809 545 1853; x_wconf 91' lang='lat' dir='ltr'>ne</span> <span class='ocrx_word' id='word_1_106' title='bbox 573 1798 622 1854; x_wconf 92' lang='lat' dir='ltr'>est</span> <span class='ocrx_word' id='word_1_107' title='bbox 647 1797 761 1854; x_wconf 92' lang='lat' dir='ltr'>utrum</span> <span class='ocrx_word' id='word_1_108' title='bbox 787 1787 982 1853; x_wconf 84' lang='lat' dir='ltr'>maculatam</span> <span class='ocrx_word' id='word_1_109' title='bbox 1013 1808 1069 1876; x_wconf 91' lang='lat' dir='ltr'>po-</span> 
     </span>
     <span class='ocr_line' id='line_1_16' title="bbox 96 1891 1070 1980; baseline 0.002 -24"><span class='ocrx_word' id='word_1_110' title='bbox 96 1913 112 1956; x_wconf 88' lang='lat' dir='ltr'>u</span> <span class='ocrx_word' id='word_1_111' title='bbox 139 1892 389 1971; x_wconf 81' lang='lat' dir='ltr'>immaculatam,</span> <span class='ocrx_word' id='word_1_112' title='bbox 403 1894 464 1958; x_wconf 88' lang='lat' dir='ltr'>etsi</span> <span class='ocrx_word' id='word_1_113' title='bbox 493 1892 533 1958; x_wconf 90' lang='lat' dir='ltr'>ad</span> <span class='ocrx_word' id='word_1_114' title='bbox 565 1901 722 1980; x_wconf 92' lang='lat' dir='ltr'>punctum</span> <span class='ocrx_word' id='word_1_115' title='bbox 746 1892 910 1980; x_wconf 87' lang='lat' dir='ltr'>temporis,</span> <span class='ocrx_word' id='word_1_116' title='bbox 935 1892 999 1959; x_wconf 90' lang='lat' dir='ltr'>sibi</span> <span class='ocrx_word' id='word_1_117' title='bbox 1015 1891 1070 1958; x_wconf 93' lang='lat' dir='ltr'>ad·</span> 
     </span>
     <span class='ocr_line' id='line_1_17' title="bbox 96 1987 1071 2083; baseline 0.004 -24"><span class='ocrx_word' id='word_1_118' title='bbox 96 2014 118 2059; x_wconf 85' lang='lat' dir='ltr'>e</span> <span class='ocrx_word' id='word_1_119' title='bbox 148 1987 329 2060; x_wconf 72' lang='lat' dir='ltr'>maluerit?</span> <span class='ocrx_word' id='word_1_120' title='bbox 352 1997 437 2060; x_wconf 88' lang='lat' dir='ltr'>Haec</span> <span class='ocrx_word' id='word_1_121' title='bbox 470 1994 584 2061; x_wconf 89' lang='lat' dir='ltr'>deinde</span> <span class='ocrx_word' id='word_1_122' title='bbox 609 1994 862 2062; x_wconf 88' lang='lat' dir='ltr'>auctoritatibus</span> <span class='ocrx_word' id='word_1_123' title='bbox 878 2015 937 2061; x_wconf 89' lang='lat' dir='ltr'>seu</span> <span class='ocrx_word' id='word_1_124' title='bbox 953 2016 1071 2083; x_wconf 87' lang='lat' dir='ltr'>oppor-</span> 
     </span>
     <span class='ocr_line' id='line_1_18' title="bbox 96 2095 1069 2187; baseline 0.001 -24"><span class='ocrx_word' id='word_1_125' title='bbox 96 2098 282 2163; x_wconf 74' lang='lat' dir='ltr'>&#39;estimoniis</span> <span class='ocrx_word' id='word_1_126' title='bbox 299 2099 432 2164; x_wconf 88' lang='lat' dir='ltr'>Patrum</span> <span class='ocrx_word' id='word_1_127' title='bbox 449 2100 682 2179; x_wconf 89' lang='lat' dir='ltr'>communiunt,</span> <span class='ocrx_word' id='word_1_128' title='bbox 696 2109 795 2187; x_wconf 87' lang='lat' dir='ltr'>atque</span> <span class='ocrx_word' id='word_1_129' title='bbox 811 2099 1002 2166; x_wconf 89' lang='lat' dir='ltr'>confirmant</span> <span class='ocrx_word' id='word_1_130' title='bbox 1014 2095 1069 2186; x_wconf 80' lang='lat' dir='ltr'>(l).</span> 
     </span>
     <span class='ocr_line' id='line_1_19' title="bbox 96 2201 1066 2292; baseline 0.004 -26"><span class='ocrx_word' id='word_1_131' title='bbox 96 2202 126 2267; x_wconf 87' lang='lat' dir='ltr'>is</span> <span class='ocrx_word' id='word_1_132' title='bbox 155 2201 317 2269; x_wconf 85' lang='lat' dir='ltr'>adiiciunt</span> <span class='ocrx_word' id='word_1_133' title='bbox 340 2204 512 2270; x_wconf 88' lang='lat' dir='ltr'>relationes</span> <span class='ocrx_word' id='word_1_134' title='bbox 540 2225 622 2292; x_wconf 89' lang='lat' dir='ltr'>quas</span> <span class='ocrx_word' id='word_1_135' title='bbox 650 2225 725 2282; x_wconf 91' lang='lat' dir='ltr'>cum</span> <span class='ocrx_word' id='word_1_136' title='bbox 748 2207 845 2270; x_wconf 89' lang='lat' dir='ltr'>Patre</span> <span class='ocrx_word' id='word_1_137' title='bbox 877 2211 910 2270; x_wconf 92' lang='lat' dir='ltr'>et</span> <span class='ocrx_word' id='word_1_138' title='bbox 938 2203 1066 2290; x_wconf 84' lang='lat' dir='ltr'>Spiritu</span> 
     </span>
    </p>

    <p class='ocr_par' dir='ltr' id='par_1_6' title="bbox 96 2303 1069 2711">
     <span class='ocr_line' id='line_1_20' title="bbox 122 2303 1069 2394; baseline 0.003 -25"><span class='ocrx_word' id='word_1_139' title='bbox 122 2303 312 2373; x_wconf 88' lang='lat' dir='ltr'>beatissima</span> <span class='ocrx_word' id='word_1_140' title='bbox 323 2308 425 2394; x_wconf 81' lang='lat' dir='ltr'>Virgo</span> <span class='ocrx_word' id='word_1_141' title='bbox 448 2307 489 2374; x_wconf 88' lang='lat' dir='ltr'>oh</span> <span class='ocrx_word' id='word_1_142' title='bbox 513 2328 611 2373; x_wconf 90' lang='lat' dir='ltr'>suum</span> <span class='ocrx_word' id='word_1_143' title='bbox 626 2307 739 2373; x_wconf 89' lang='lat' dir='ltr'>matris</span> <span class='ocrx_word' id='word_1_144' title='bbox 756 2307 819 2374; x_wconf 88' lang='lat' dir='ltr'>Dei</span> <span class='ocrx_word' id='word_1_145' title='bbox 833 2327 954 2372; x_wconf 92' lang='lat' dir='ltr'>munus</span> <span class='ocrx_word' id='word_1_146' title='bbox 971 2326 1069 2393; x_wconf 89' lang='lat' dir='ltr'>pecu·</span> 
     </span>
     <span class='ocr_line' id='line_1_21' title="bbox 96 2410 1069 2508; baseline 0.002 -32"><span class='ocrx_word' id='word_1_147' title='bbox 96 2412 197 2478; x_wconf 78' lang='lat' dir='ltr'>itione</span> <span class='ocrx_word' id='word_1_148' title='bbox 226 2412 341 2501; x_wconf 86' lang='lat' dir='ltr'>adepta</span> <span class='ocrx_word' id='word_1_149' title='bbox 363 2422 423 2479; x_wconf 88' lang='lat' dir='ltr'>est.</span> <span class='ocrx_word' id='word_1_150' title='bbox 448 2418 495 2480; x_wconf 83' lang='lat' dir='ltr'>d&#39;c</span> <span class='ocrx_word' id='word_1_151' title='bbox 515 2414 631 2501; x_wconf 89' lang='lat' dir='ltr'>primo,</span> <span class='ocrx_word' id='word_1_152' title='bbox 645 2413 741 2508; x_wconf 86' lang='lat' dir='ltr'>quod·</span> <span class='ocrx_word' id='word_1_153' title='bbox 756 2435 793 2479; x_wconf 89' lang='lat' dir='ltr'>ea</span> <span class='ocrx_word' id='word_1_154' title='bbox 817 2413 856 2480; x_wconf 92' lang='lat' dir='ltr'>de</span> <span class='ocrx_word' id='word_1_155' title='bbox 879 2431 979 2477; x_wconf 91' lang='lat' dir='ltr'>causa</span> <span class='ocrx_word' id='word_1_156' title='bbox 1002 2410 1069 2478; x_wconf 89' lang='lat' dir='ltr'>filia</span> 
     </span>
     <span class='ocr_line' id='line_1_22' title="bbox 96 2519 1068 2608; baseline -0.001 -24"><span class='ocrx_word' id='word_1_157' title='bbox 96 2524 186 2584; x_wconf 75' lang='lat' dir='ltr'>onita</span> <span class='ocrx_word' id='word_1_158' title='bbox 210 2521 334 2585; x_wconf 88' lang='lat' dir='ltr'>aeterni</span> <span class='ocrx_word' id='word_1_159' title='bbox 357 2521 463 2585; x_wconf 88' lang='lat' dir='ltr'>Patris</span> <span class='ocrx_word' id='word_1_160' title='bbox 481 2519 636 2608; x_wconf 90' lang='lat' dir='ltr'>passima</span> <span class='ocrx_word' id='word_1_161' title='bbox 652 2519 806 2586; x_wconf 90' lang='lat' dir='ltr'>Patribus</span> <span class='ocrx_word' id='word_1_162' title='bbox 834 2525 1068 2605; x_wconf 89' lang='lat' dir='ltr'>nuncupetur;</span> 
     </span>
     <span class='ocr_line' id='line_1_23' title="bbox 96 2621 1068 2711; baseline 0.001 -24"><span class='ocrx_word' id='word_1_163' title='bbox 96 2622 159 2688; x_wconf 90' lang='lat' dir='ltr'>lem</span> <span class='ocrx_word' id='word_1_164' title='bbox 176 2623 415 2689; x_wconf 90' lang='lat' dir='ltr'>accommodant</span> <span class='ocrx_word' id='word_1_165' title='bbox 430 2623 486 2690; x_wconf 90' lang='lat' dir='ltr'>ilia</span> <span class='ocrx_word' id='word_1_166' title='bbox 497 2624 719 2691; x_wconf 87' lang='lat' dir='ltr'>Ecclesiastici</span> <span class='ocrx_word' id='word_1_167' title='bbox 738 2622 848 2703; x_wconf 81' lang='lat' dir='ltr'>verba,</span> <span class='ocrx_word' id='word_1_168' title='bbox 862 2643 946 2711; x_wconf 88' lang='lat' dir='ltr'>quae</span> <span class='ocrx_word' id='word_1_169' title='bbox 963 2621 1003 2688; x_wconf 87' lang='lat' dir='ltr'>de</span> <span class='ocrx_word' id='word_1_170' title='bbox 1019 2621 1068 2688; x_wconf 89' lang='lat' dir='ltr'>di·</span> 
     </span>
    </p>
   </div>
   <div class='ocr_carea' id='block_1_6' title="bbox 95 2844 1064 4279">
    <p class='ocr_par' dir='ltr' id='par_1_7' title="bbox 96 2844 1064 3002">
     <span class='ocr_line' id='line_1_24' title="bbox 96 2844 1064 2916; baseline 0.004 -20"><span class='ocrx_word' id='word_1_171' title='bbox 96 2860 125 2896; x_wconf 83' lang='lat' dir='ltr'>se</span> <span class='ocrx_word' id='word_1_172' title='bbox 135 2847 213 2897; x_wconf 90' lang='lat' dir='ltr'>recoli</span> <span class='ocrx_word' id='word_1_173' title='bbox 223 2853 329 2912; x_wconf 87' lang='lat' dir='ltr'>possunt</span> <span class='ocrx_word' id='word_1_174' title='bbox 338 2849 404 2911; x_wconf 84' lang='lat' dir='ltr'>apud</span> <span class='ocrx_word' id='word_1_175' title='bbox 411 2847 496 2898; x_wconf 85' lang='lat' dir='ltr'>Stroz·</span> <span class='ocrx_word' id='word_1_176' title='bbox 548 2861 576 2899; x_wconf 76' lang='lat' dir='ltr'>aa</span> <span class='ocrx_word' id='word_1_177' title='bbox 593 2846 686 2901; x_wconf 76' lang='lat' dir='ltr'>asem</span> <span class='ocrx_word' id='word_1_178' title='bbox 703 2845 799 2906; x_wconf 69' lang='lat' dir='ltr'>nnbat</span> <span class='ocrx_word' id='word_1_179' title='bbox 809 2877 822 2916; x_wconf 66' lang='lat'>2:</span> <span class='ocrx_word' id='word_1_180' title='bbox 835 2851 861 2901; x_wconf 81' lang='lat' dir='ltr'>ci</span> <span class='ocrx_word' id='word_1_181' title='bbox 878 2844 935 2901; x_wconf 79' lang='lat' dir='ltr'>sibi</span> <span class='ocrx_word' id='word_1_182' title='bbox 953 2850 1064 2900; x_wconf 72' lang='lat' dir='ltr'>nmero</span> 
     </span>
     <span class='ocr_line' id='line_1_25' title="bbox 96 2927 1057 3002; baseline 0 -21"><span class='ocrx_word' id='word_1_183' title='bbox 96 2933 131 2983; x_wconf 77' lang='lat' dir='ltr'>tt.</span> <span class='ocrx_word' id='word_1_184' title='bbox 151 2933 195 2985; x_wconf 86' lang='lat' dir='ltr'>m.</span> <span class='ocrx_word' id='word_1_185' title='bbox 214 2929 241 2999; x_wconf 80' lang='lat' dir='ltr'>t,</span> <span class='ocrx_word' id='word_1_186' title='bbox 260 2948 313 2997; x_wconf 90' lang='lat' dir='ltr'>oap.</span> <span class='ocrx_word' id='word_1_187' title='bbox 326 2927 352 2985; x_wconf 88' lang='lat'>5.</span> <span class='ocrx_word' id='word_1_188' title='bbox 366 2934 418 2985; x_wconf 90' lang='lat' dir='ltr'>Nos</span> <span class='ocrx_word' id='word_1_189' title='bbox 430 2933 490 2984; x_wconf 87' lang='lat' dir='ltr'>heic</span> <span class='ocrx_word' id='word_1_190' title='bbox 540 2931 714 3002; x_wconf 81' lang='lat' dir='ltr'>placituram.</span> <span class='ocrx_word' id='word_1_191' title='bbox 724 2935 786 2999; x_wconf 88' lang='lat' dir='ltr'>Opp.</span> <span class='ocrx_word' id='word_1_192' title='bbox 799 2935 841 2985; x_wconf 87' lang='lat' dir='ltr'>ed.</span> <span class='ocrx_word' id='word_1_193' title='bbox 854 2935 939 3001; x_wconf 80' lang='lat' dir='ltr'>Maur.</span> <span class='ocrx_word' id='word_1_194' title='bbox 951 2933 1025 2983; x_wconf 82' lang='lat' dir='ltr'>Tam.</span> <span class='ocrx_word' id='word_1_195' title='bbox 1035 2933 1057 2982; x_wconf 87' lang='grc' dir='ltr'>Ι.</span> 
     </span>
    </p>

    <p class='ocr_par' dir='ltr' id='par_1_8' title="bbox 95 3015 1059 4279">
     <span class='ocr_line' id='line_1_26' title="bbox 121 3015 1056 3084; baseline -0.001 -16"><span class='ocrx_word' id='word_1_196' title='bbox 121 3020 217 3068; x_wconf 87' lang='lat' dir='ltr'>erimus</span> <span class='ocrx_word' id='word_1_197' title='bbox 243 3020 384 3082; x_wconf 78' lang='lat' dir='ltr'>speciminis</span> <span class='ocrx_word' id='word_1_198' title='bbox 411 3019 490 3084; x_wconf 76' lang='lat' dir='ltr'>gratia</span> <span class='ocrx_word' id='word_1_199' title='bbox 544 3021 594 3070; x_wconf 86' lang='lat' dir='ltr'>coi.</span> <span class='ocrx_word' id='word_1_200' title='bbox 612 3015 672 3074; x_wconf 82' lang='lat'>743.</span> <span class='ocrx_word' id='word_1_201' title='bbox 686 3023 750 3071; x_wconf 86' lang='lat' dir='ltr'>item</span> <span class='ocrx_word' id='word_1_202' title='bbox 768 3020 917 3071; x_wconf 83' lang='lat' dir='ltr'>Theodotus</span> <span class='ocrx_word' id='word_1_203' title='bbox 946 3031 1056 3082; x_wconf 77' lang='lat' dir='ltr'>ancyra-</span> 
     </span>
     <span class='ocr_line' id='line_1_27' title="bbox 100 3097 1059 3172; baseline 0.001 -21"><span class='ocrx_word' id='word_1_204' title='bbox 100 3103 213 3153; x_wconf 82' lang='lat' dir='ltr'>teriusso</span> <span class='ocrx_word' id='word_1_205' title='bbox 234 3104 317 3154; x_wconf 85' lang='lat' dir='ltr'>Patris</span> <span class='ocrx_word' id='word_1_206' title='bbox 336 3106 412 3154; x_wconf 82' lang='lat' dir='ltr'>verba</span> <span class='ocrx_word' id='word_1_207' title='bbox 430 3119 491 3168; x_wconf 93' lang='lat' dir='ltr'>pro-</span> <span class='ocrx_word' id='word_1_208' title='bbox 546 3119 593 3155; x_wconf 89' lang='lat' dir='ltr'>nus</span> <span class='ocrx_word' id='word_1_209' title='bbox 605 3106 632 3155; x_wconf 89' lang='lat' dir='ltr'>in</span> <span class='ocrx_word' id='word_1_210' title='bbox 643 3105 738 3154; x_wconf 86' lang='lat' dir='ltr'>Homii.</span> <span class='ocrx_word' id='word_1_211' title='bbox 759 3104 781 3172; x_wconf 80' lang='lat'>1,</span> <span class='ocrx_word' id='word_1_212' title='bbox 799 3097 1059 3156; x_wconf 59' lang='lat' dir='ltr'>donatianorum·</span> 
     </span>
     <span class='ocr_line' id='line_1_28' title="bbox 96 3187 1058 3255; baseline -0.004 -16"><span class='ocrx_word' id='word_1_213' title='bbox 96 3201 133 3240; x_wconf 73' lang='lat' dir='ltr'>tae</span> <span class='ocrx_word' id='word_1_214' title='bbox 149 3188 201 3240; x_wconf 89' lang='lat' dir='ltr'>huc</span> <span class='ocrx_word' id='word_1_215' title='bbox 219 3189 376 3240; x_wconf 74' lang='lat' dir='ltr'>referuntur.</span> <span class='ocrx_word' id='word_1_216' title='bbox 388 3190 415 3241; x_wconf 84' lang='lat' dir='ltr'>S.</span> <span class='ocrx_word' id='word_1_217' title='bbox 427 3190 493 3241; x_wconf 80' lang='lat' dir='ltr'>dm·</span> <span class='ocrx_word' id='word_1_218' title='bbox 544 3204 621 3255; x_wconf 87' lang='lat' dir='ltr'>quam</span> <span class='ocrx_word' id='word_1_219' title='bbox 638 3191 726 3240; x_wconf 88' lang='lat' dir='ltr'>habuit</span> <span class='ocrx_word' id='word_1_220' title='bbox 745 3190 770 3239; x_wconf 90' lang='lat' dir='ltr'>in</span> <span class='ocrx_word' id='word_1_221' title='bbox 783 3189 862 3240; x_wconf 82' lang='lat' dir='ltr'>Cone.</span> <span class='ocrx_word' id='word_1_222' title='bbox 880 3189 999 3254; x_wconf 84' lang='lat' dir='ltr'>ephesino</span> <span class='ocrx_word' id='word_1_223' title='bbox 1013 3187 1058 3236; x_wconf 86' lang='lat' dir='ltr'>ait:</span> 
     </span>
     <span class='ocr_line' id='line_1_29' title="bbox 96 3267 1059 3341; baseline 0 -18"><span class='ocrx_word' id='word_1_224' title='bbox 96 3273 142 3337; x_wconf 83' lang='lat' dir='ltr'>Ep.</span> <span class='ocrx_word' id='word_1_225' title='bbox 161 3269 204 3340; x_wconf 73' lang='lat'>83,</span> <span class='ocrx_word' id='word_1_226' title='bbox 223 3276 281 3324; x_wconf 84' lang='lat' dir='ltr'>data</span> <span class='ocrx_word' id='word_1_227' title='bbox 299 3275 331 3325; x_wconf 81' lang='lat' dir='ltr'>ad</span> <span class='ocrx_word' id='word_1_228' title='bbox 349 3275 487 3326; x_wconf 81' lang='lat' dir='ltr'>sisinnium</span> <span class='ocrx_word' id='word_1_229' title='bbox 544 3271 678 3341; x_wconf 59' lang='lat' dir='ltr'>moniam</span> <span class='ocrx_word' id='word_1_230' title='bbox 694 3279 774 3328; x_wconf 82' lang='lat' dir='ltr'>natas</span> <span class='ocrx_word' id='word_1_231' title='bbox 792 3277 831 3327; x_wconf 78' lang='lat' dir='ltr'>est</span> <span class='ocrx_word' id='word_1_232' title='bbox 849 3271 878 3326; x_wconf 80' lang='lat' dir='ltr'>ia</span> <span class='ocrx_word' id='word_1_233' title='bbox 895 3285 976 3325; x_wconf 80' lang='lat' dir='ltr'>corna</span> <span class='ocrx_word' id='word_1_234' title='bbox 994 3267 1059 3326; x_wconf 80' lang='lat' dir='ltr'>Ver-</span> 
     </span>
     <span class='ocr_line' id='line_1_30' title="bbox 95 3356 1056 3428; baseline -0.001 -19"><span class='ocrx_word' id='word_1_235' title='bbox 95 3359 166 3410; x_wconf 83' lang='lat' dir='ltr'>ribit:</span> <span class='ocrx_word' id='word_1_236' title='bbox 191 3356 328 3413; x_wconf 69' lang='lat' dir='ltr'>Genitalis</span> <span class='ocrx_word' id='word_1_237' title='bbox 344 3356 415 3428; x_wconf 76' lang='lat' dir='ltr'>filios</span> <span class='ocrx_word' id='word_1_238' title='bbox 433 3373 489 3413; x_wconf 80' lang='lat' dir='ltr'>esee</span> <span class='ocrx_word' id='word_1_239' title='bbox 542 3357 604 3412; x_wconf 78' lang='lat' dir='ltr'>dam</span> <span class='ocrx_word' id='word_1_240' title='bbox 630 3356 684 3410; x_wconf 83' lang='lat' dir='ltr'>Dei</span> <span class='ocrx_word' id='word_1_241' title='bbox 707 3357 822 3412; x_wconf 81' lang='lat' dir='ltr'>custodit</span> <span class='ocrx_word' id='word_1_242' title='bbox 851 3357 1056 3424; x_wconf 69' lang='lat' dir='ltr'>supinitatem,</span> 
     </span>
     <span class='ocr_line' id='line_1_31' title="bbox 96 3440 1054 3516; baseline -0.002 -22"><span class='ocrx_word' id='word_1_243' title='bbox 96 3456 140 3512; x_wconf 77' lang='lat' dir='ltr'>es,</span> <span class='ocrx_word' id='word_1_244' title='bbox 152 3443 189 3498; x_wconf 86' lang='lat' dir='ltr'>ad</span> <span class='ocrx_word' id='word_1_245' title='bbox 205 3448 332 3516; x_wconf 78' lang='lat' dir='ltr'>naturam</span> <span class='ocrx_word' id='word_1_246' title='bbox 349 3443 466 3514; x_wconf 76' lang='lat' dir='ltr'>refertar</span> <span class='ocrx_word' id='word_1_247' title='bbox 479 3464 496 3497; x_wconf 80' lang='lat'>:-</span> <span class='ocrx_word' id='word_1_248' title='bbox 542 3444 657 3513; x_wconf 80' lang='lat' dir='ltr'>seipsam</span> <span class='ocrx_word' id='word_1_249' title='bbox 682 3440 793 3498; x_wconf 77' lang='lat' dir='ltr'>Variam</span> <span class='ocrx_word' id='word_1_250' title='bbox 811 3442 960 3496; x_wconf 81' lang='lat' dir='ltr'>ostendens.</span> <span class='ocrx_word' id='word_1_251' title='bbox 978 3443 1054 3506; x_wconf 78' lang='lat' dir='ltr'>apud</span> 
     </span>
     <span class='ocr_line' id='line_1_32' title="bbox 110 3525 1055 3598; baseline -0.002 -19"><span class='ocrx_word' id='word_1_252' title='bbox 110 3525 153 3580; x_wconf 80' lang='lat' dir='ltr'>oei</span> <span class='ocrx_word' id='word_1_253' title='bbox 170 3527 312 3598; x_wconf 82' lang='lat' dir='ltr'>adoptione</span> <span class='ocrx_word' id='word_1_254' title='bbox 329 3526 372 3582; x_wconf 84' lang='lat' dir='ltr'>vel</span> <span class='ocrx_word' id='word_1_255' title='bbox 390 3527 493 3598; x_wconf 80' lang='lat' dir='ltr'>oopaia</span> <span class='ocrx_word' id='word_1_256' title='bbox 540 3529 701 3580; x_wconf 72' lang='lat' dir='ltr'>nerduinum</span> <span class='ocrx_word' id='word_1_257' title='bbox 719 3525 776 3581; x_wconf 80' lang='lat' dir='ltr'>dat.</span> <span class='ocrx_word' id='word_1_258' title='bbox 794 3541 866 3581; x_wconf 82' lang='lat' dir='ltr'>conc.</span> <span class='ocrx_word' id='word_1_259' title='bbox 884 3527 1055 3594; x_wconf 72' lang='lat' dir='ltr'>Tom.1‚coi.</span> 
     </span>
     <span class='ocr_line' id='line_1_33' title="bbox 96 3607 1057 3668; baseline -0.001 -5"><span class='ocrx_word' id='word_1_260' title='bbox 96 3625 124 3664; x_wconf 76' lang='lat' dir='ltr'>es·</span> <span class='ocrx_word' id='word_1_261' title='bbox 144 3625 199 3665; x_wconf 80' lang='lat' dir='ltr'>esse</span> <span class='ocrx_word' id='word_1_262' title='bbox 225 3617 316 3666; x_wconf 84' lang='lat' dir='ltr'>nostro</span> <span class='ocrx_word' id='word_1_263' title='bbox 333 3612 422 3667; x_wconf 82' lang='lat' dir='ltr'>errori</span> <span class='ocrx_word' id='word_1_264' title='bbox 438 3609 489 3668; x_wconf 85' lang='lat' dir='ltr'>od-</span> <span class='ocrx_word' id='word_1_265' title='bbox 541 3607 622 3664; x_wconf 70' lang='lat'><strong>1613.</strong></span> <span class='ocrx_word' id='word_1_266' title='bbox 640 3615 708 3666; x_wconf 86' lang='lat' dir='ltr'>Nota</span> <span class='ocrx_word' id='word_1_267' title='bbox 735 3613 811 3664; x_wconf 88' lang='lat' dir='ltr'>etiam</span> <span class='ocrx_word' id='word_1_268' title='bbox 839 3608 898 3663; x_wconf 81' lang='lat' dir='ltr'>sant</span> <span class='ocrx_word' id='word_1_269' title='bbox 924 3627 945 3663; x_wconf 88' lang='lat' dir='ltr'>s.</span> <span class='ocrx_word' id='word_1_270' title='bbox 964 3611 1057 3663; x_wconf 85' lang='lat' dir='ltr'>Leonis</span> 
     </span>
     <span class='ocr_line' id='line_1_34' title="bbox 96 3693 1058 3766; baseline -0.001 -18"><span class='ocrx_word' id='word_1_271' title='bbox 96 3711 110 3746; x_wconf 81' lang='lat'>¹.</span> <span class='ocrx_word' id='word_1_272' title='bbox 129 3697 193 3762; x_wconf 91' lang='lat' dir='ltr'>Opp.</span> <span class='ocrx_word' id='word_1_273' title='bbox 215 3700 276 3749; x_wconf 86' lang='lat' dir='ltr'>edit.</span> <span class='ocrx_word' id='word_1_274' title='bbox 301 3700 387 3750; x_wconf 85' lang='lat' dir='ltr'>Maur.</span> <span class='ocrx_word' id='word_1_275' title='bbox 413 3700 488 3750; x_wconf 87' lang='lat' dir='ltr'>Tom.</span> <span class='ocrx_word' id='word_1_276' title='bbox 540 3699 617 3749; x_wconf 85' lang='lat' dir='ltr'>rerba</span> <span class='ocrx_word' id='word_1_277' title='bbox 640 3712 672 3749; x_wconf 81' lang='lat' dir='ltr'>ex</span> <span class='ocrx_word' id='word_1_278' title='bbox 688 3699 772 3750; x_wconf 83' lang='lat' dir='ltr'>serm.</span> <span class='ocrx_word' id='word_1_279' title='bbox 791 3700 813 3766; x_wconf 83' lang='lat'>1,</span> <span class='ocrx_word' id='word_1_280' title='bbox 832 3695 866 3750; x_wconf 79' lang='lat' dir='ltr'>de</span> <span class='ocrx_word' id='word_1_281' title='bbox 884 3694 979 3751; x_wconf 81' lang='lat' dir='ltr'>Natio.</span> <span class='ocrx_word' id='word_1_282' title='bbox 991 3693 1058 3748; x_wconf 78' lang='lat' dir='ltr'>&#39;Do-</span> 
     </span>
     <span class='ocr_line' id='line_1_35' title="bbox 100 3777 1055 3852; baseline 0 -21"><span class='ocrx_word' id='word_1_283' title='bbox 100 3777 486 3835; x_wconf 77' lang='lat' dir='ltr'>103.Sicatiams.Bernardus</span> <span class='ocrx_word' id='word_1_284' title='bbox 538 3781 606 3836; x_wconf 81' lang='lat' dir='ltr'>mini</span> <span class='ocrx_word' id='word_1_285' title='bbox 621 3799 677 3847; x_wconf 90' lang='lat' dir='ltr'>cap.</span> <span class='ocrx_word' id='word_1_286' title='bbox 703 3780 728 3834; x_wconf 89' lang='lat' dir='ltr'>l:</span> <span class='ocrx_word' id='word_1_287' title='bbox 761 3779 846 3852; x_wconf 54' lang='lat' dir='ltr'>‘Virpo</span> <span class='ocrx_word' id='word_1_288' title='bbox 871 3780 949 3850; x_wconf 74' lang='lat' dir='ltr'>reqin</span> <span class='ocrx_word' id='word_1_289' title='bbox 966 3777 1055 3832; x_wconf 80' lang='lat' dir='ltr'>Daoi·</span> 
     </span>
     <span class='ocr_line' id='line_1_36' title="bbox 96 3857 1057 3938; baseline -0.001 -21"><span class='ocrx_word' id='word_1_290' title='bbox 96 3857 119 3917; x_wconf 88' lang='lat'>2.</span> <span class='ocrx_word' id='word_1_291' title='bbox 138 3863 228 3938; x_wconf 81' lang='lat' dir='ltr'>Super</span> <span class='ocrx_word' id='word_1_292' title='bbox 246 3865 347 3922; x_wconf 82' lang='lat' dir='ltr'>Missua</span> <span class='ocrx_word' id='word_1_293' title='bbox 365 3875 402 3921; x_wconf 80' lang='lat' dir='ltr'>cst</span> <span class='ocrx_word' id='word_1_294' title='bbox 418 3884 446 3919; x_wconf 85' lang='lat' dir='ltr'>n.</span> <span class='ocrx_word' id='word_1_295' title='bbox 458 3864 486 3936; x_wconf 83' lang='lat' dir='ltr'>i,</span> <span class='ocrx_word' id='word_1_296' title='bbox 539 3866 615 3921; x_wconf 81' lang='lat' dir='ltr'>dicae</span> <span class='ocrx_word' id='word_1_297' title='bbox 631 3866 723 3936; x_wconf 78' lang='lat' dir='ltr'>stirpis</span> <span class='ocrx_word' id='word_1_298' title='bbox 743 3865 872 3936; x_wconf 71' lang='lat' dir='ltr'>stipites,</span> <span class='ocrx_word' id='word_1_299' title='bbox 892 3879 962 3936; x_wconf 81' lang='lat' dir='ltr'>quaa</span> <span class='ocrx_word' id='word_1_300' title='bbox 979 3878 1057 3918; x_wconf 80' lang='lat' dir='ltr'>sacro</span> 
     </span>
     <span class='ocr_line' id='line_1_37' title="bbox 96 3949 1056 4023; baseline -0.003 -17"><span class='ocrx_word' id='word_1_301' title='bbox 96 3950 240 4019; x_wconf 80' lang='lat' dir='ltr'>dominum,</span> <span class='ocrx_word' id='word_1_302' title='bbox 257 3955 348 4022; x_wconf 72' lang='lat' dir='ltr'>iuquit,</span> <span class='ocrx_word' id='word_1_303' title='bbox 362 3959 390 4006; x_wconf 83' lang='lat' dir='ltr'>ut</span> <span class='ocrx_word' id='word_1_304' title='bbox 409 3950 488 4007; x_wconf 85' lang='lat' dir='ltr'>domo</span> <span class='ocrx_word' id='word_1_305' title='bbox 537 3953 712 4022; x_wconf 74' lang='lat' dir='ltr'>providenda</span> <span class='ocrx_word' id='word_1_306' title='bbox 727 3955 802 4023; x_wconf 78' lang='lat' dir='ltr'>foeta</span> <span class='ocrx_word' id='word_1_307' title='bbox 821 3951 941 4006; x_wconf 74' lang='lat' dir='ltr'>divinam</span> <span class='ocrx_word' id='word_1_308' title='bbox 959 3949 1056 4004; x_wconf 78' lang='lat' dir='ltr'>duma-</span> 
     </span>
     <span class='ocr_line' id='line_1_38' title="bbox 96 4037 1058 4112; baseline 0 -20"><span class='ocrx_word' id='word_1_309' title='bbox 96 4039 229 4095; x_wconf 73' lang='lat' dir='ltr'>moderas</span> <span class='ocrx_word' id='word_1_310' title='bbox 239 4039 271 4092; x_wconf 82' lang='lat' dir='ltr'>de</span> <span class='ocrx_word' id='word_1_311' title='bbox 281 4037 396 4108; x_wconf 69' lang='lat' dir='ltr'>donnini,</span> <span class='ocrx_word' id='word_1_312' title='bbox 406 4039 486 4093; x_wconf 81' lang='lat' dir='ltr'>tatem</span> <span class='ocrx_word' id='word_1_313' title='bbox 539 4053 655 4110; x_wconf 80' lang='lat' dir='ltr'>namque</span> <span class='ocrx_word' id='word_1_314' title='bbox 686 4038 789 4112; x_wconf 82' lang='lat' dir='ltr'>prolem</span> <span class='ocrx_word' id='word_1_315' title='bbox 814 4038 890 4109; x_wconf 78' lang='lat' dir='ltr'>prius</span> <span class='ocrx_word' id='word_1_316' title='bbox 912 4037 1058 4106; x_wconf 63' lang='lat' dir='ltr'>canape-ret</span> 
     </span>
     <span class='ocr_line' id='line_1_39' title="bbox 96 4122 1057 4193; baseline -0.004 -16"><span class='ocrx_word' id='word_1_317' title='bbox 96 4122 215 4178; x_wconf 76' lang='lat' dir='ltr'>mnibus</span> <span class='ocrx_word' id='word_1_318' title='bbox 243 4122 333 4178; x_wconf 80' lang='lat' dir='ltr'>debuit</span> <span class='ocrx_word' id='word_1_319' title='bbox 352 4123 487 4193; x_wconf 53' lang='lat' dir='ltr'>deluere,</span> <span class='ocrx_word' id='word_1_320' title='bbox 539 4129 626 4178; x_wconf 79' lang='lat' dir='ltr'>mente</span> <span class='ocrx_word' id='word_1_321' title='bbox 637 4122 987 4193; x_wconf 67' lang='lat' dir='ltr'>psammites-Oppedit.</span> <span class='ocrx_word' id='word_1_322' title='bbox 998 4122 1057 4173; x_wconf 85' lang='lat' dir='ltr'>Bai·</span> 
     </span>
     <span class='ocr_line' id='line_1_40' title="bbox 96 4202 877 4279; baseline -0.008 -15"><span class='ocrx_word' id='word_1_323' title='bbox 96 4208 185 4264; x_wconf 73' lang='lat' dir='ltr'>odere</span> <span class='ocrx_word' id='word_1_324' title='bbox 202 4207 332 4279; x_wconf 61' lang='lat' dir='ltr'>Murena</span> <span class='ocrx_word' id='word_1_325' title='bbox 343 4207 450 4279; x_wconf 78' lang='lat' dir='ltr'>quatem</span> <span class='ocrx_word' id='word_1_326' title='bbox 461 4213 488 4266; x_wconf 83' lang='lat' dir='ltr'>ei</span> <span class='ocrx_word' id='word_1_327' title='bbox 540 4211 614 4262; x_wconf 80' lang='lat' dir='ltr'>tenu.</span> <span class='ocrx_word' id='word_1_328' title='bbox 632 4211 705 4262; x_wconf 82' lang='lat' dir='ltr'>Tam.</span> <span class='ocrx_word' id='word_1_329' title='bbox 725 4210 749 4277; x_wconf 81' lang='lat'>1,</span> <span class='ocrx_word' id='word_1_330' title='bbox 766 4210 817 4261; x_wconf 83' lang='lat' dir='ltr'>eol.</span> <span class='ocrx_word' id='word_1_331' title='bbox 834 4202 877 4259; x_wconf 85' lang='grc'>64.</span> 
     </span>
    </p>
   </div>
   <div class='ocr_carea' id='block_1_7' title="bbox 1121 2236 1296 2373">
    <p class='ocr_par' dir='ltr' id='par_1_9' title="bbox 1121 2236 1296 2373">
     <span class='ocr_line' id='line_1_41' title="bbox 1140 2236 1293 2288; baseline -0.02 -1"><span class='ocrx_word' id='word_1_332' title='bbox 1140 2236 1204 2287; x_wconf 86' lang='lat' dir='ltr'>Cum</span> <span class='ocrx_word' id='word_1_333' title='bbox 1216 2237 1293 2288; x_wconf 84' lang='lat' dir='ltr'>Patre</span> 
     </span>
     <span class='ocr_line' id='line_1_42' title="bbox 1121 2306 1296 2373; baseline -0.029 -13"><span class='ocrx_word' id='word_1_334' title='bbox 1121 2313 1149 2360; x_wconf 86' lang='lat' dir='ltr'>ei</span> <span class='ocrx_word' id='word_1_335' title='bbox 1160 2307 1257 2373; x_wconf 83' lang='lat' dir='ltr'>Spiritu</span> <span class='ocrx_word' id='word_1_336' title='bbox 1268 2306 1296 2356; x_wconf 80' lang='lat' dir='ltr'>S.</span> 
     </span>
    </p>
   </div>
   <div class='ocr_carea' id='block_1_8' title="bbox 0 0 1418 4904">
    <p class='ocr_par' dir='ltr' id='par_1_10' title="bbox 0 0 1418 4904">
     <span class='ocr_line' id='line_1_43' title="bbox 0 0 1418 4904; baseline 0 0"><span class='ocrx_word' id='word_1_337' title='bbox 0 0 1418 4904; x_wconf 95' lang='lat' dir='ltr'> </span> 
     </span>
    </p>
   </div>
  </div>
 </body>
</html>
