<?xml version="1.0" encoding="UTF-8"?>
<!DOCTYPE html PUBLIC "-//W3C//DTD XHTML 1.0 Transitional//EN"
    "http://www.w3.org/TR/xhtml1/DTD/xhtml1-transitional.dtd">
<html xmlns="http://www.w3.org/1999/xhtml" xml:lang="en" lang="en">
 <head>
  <title>
</title>
<meta http-equiv="Content-Type" content="text/html;charset=utf-8" />
  <meta name='ocr-system' content='tesseract 3.04.00' />
  <meta name='ocr-capabilities' content='ocr_page ocr_carea ocr_par ocr_line ocrx_word'/>
</head>
<body>
  <div class='ocr_page' id='page_1' title='image "./deimmaculatobvm00perrgoog_0095.png"; bbox 0 0 2828 4904; ppageno 0'>
   <div class='ocr_carea' id='block_1_1' title="bbox 757 335 936 402">
    <p class='ocr_par' dir='ltr' id='par_1_1' title="bbox 757 335 936 402">
     <span class='ocr_line' id='line_1_1' title="bbox 757 335 936 402; baseline -0.006 -15"><span class='ocrx_word' id='word_1_1' title='bbox 757 335 936 402; x_wconf 63' lang='lat'>..78-</span> 
     </span>
    </p>
   </div>
   <div class='ocr_carea' id='block_1_2' title="bbox 308 447 1384 546">
    <p class='ocr_par' dir='ltr' id='par_1_2' title="bbox 308 447 1384 546">
     <span class='ocr_line' id='line_1_2' title="bbox 308 447 1384 546; baseline 0.005 -25"><span class='ocrx_word' id='word_1_2' title='bbox 308 447 434 538; x_wconf 85' lang='lat' dir='ltr'>centia3</span> <span class='ocrx_word' id='word_1_3' title='bbox 458 463 614 544; x_wconf 86' lang='lat' dir='ltr'>utrasque</span> <span class='ocrx_word' id='word_1_4' title='bbox 636 475 713 522; x_wconf 85' lang='lat' dir='ltr'>vcro</span> <span class='ocrx_word' id='word_1_5' title='bbox 733 455 907 544; x_wconf 78' lang='lat' dir='ltr'>multiplici</span> <span class='ocrx_word' id='word_1_6' title='bbox 930 479 972 522; x_wconf 81' lang='lat' dir='ltr'>ex</span> <span class='ocrx_word' id='word_1_7' title='bbox 1004 460 1109 546; x_wconf 88' lang='lat' dir='ltr'>capite</span> <span class='ocrx_word' id='word_1_8' title='bbox 1132 457 1309 528; x_wconf 87' lang='lat' dir='ltr'>deducunt:</span> <span class='ocrx_word' id='word_1_9' title='bbox 1332 480 1384 527; x_wconf 90' lang='lat' dir='ltr'>nos</span> 
     </span>
    </p>
   </div>
   <div class='ocr_carea' id='block_1_3' title="bbox 82 687 258 812">
    <p class='ocr_par' dir='ltr' id='par_1_3' title="bbox 82 687 258 812">
     <span class='ocr_line' id='line_1_3' title="bbox 98 687 258 741; baseline 0.013 -2"><span class='ocrx_word' id='word_1_10' title='bbox 98 687 183 740; x_wconf 83' lang='lat' dir='ltr'>Prima</span> <span class='ocrx_word' id='word_1_11' title='bbox 192 691 258 741; x_wconf 89' lang='lat' dir='ltr'>ratio</span> 
     </span>
     <span class='ocr_line' id='line_1_4' title="bbox 82 761 241 812; baseline 0.006 -2"><span class='ocrx_word' id='word_1_12' title='bbox 82 773 113 810; x_wconf 85' lang='lat' dir='ltr'>ex</span> <span class='ocrx_word' id='word_1_13' title='bbox 125 761 241 812; x_wconf 84' lang='lat' dir='ltr'>decentia</span> 
     </span>
    </p>
   </div>
   <div class='ocr_carea' id='block_1_4' title="bbox 70 3108 248 3514">
    <p class='ocr_par' dir='ltr' id='par_1_4' title="bbox 70 3108 248 3514">
     <span class='ocr_line' id='line_1_5' title="bbox 105 3108 248 3161; baseline 0 -1"><span class='ocrx_word' id='word_1_14' title='bbox 105 3108 143 3160; x_wconf 82' lang='lat' dir='ltr'>Ex</span> <span class='ocrx_word' id='word_1_15' title='bbox 158 3109 248 3161; x_wconf 89' lang='lat' dir='ltr'>multi-</span> 
     </span>
     <span class='ocr_line' id='line_1_6' title="bbox 71 3180 248 3244; baseline 0.006 -15"><span class='ocrx_word' id='word_1_16' title='bbox 71 3180 131 3244; x_wconf 88' lang='lat' dir='ltr'>pIIci</span> <span class='ocrx_word' id='word_1_17' title='bbox 144 3181 248 3233; x_wconf 84' lang='lat' dir='ltr'>relatio·</span> 
     </span>
     <span class='ocr_line' id='line_1_7' title="bbox 70 3335 247 3372; baseline 0.011 -2"><span class='ocrx_word' id='word_1_18' title='bbox 70 3335 110 3370; x_wconf 87' lang='lat' dir='ltr'>ms</span> <span class='ocrx_word' id='word_1_19' title='bbox 125 3335 186 3371; x_wconf 90' lang='lat' dir='ltr'>cnm</span> <span class='ocrx_word' id='word_1_20' title='bbox 199 3337 247 3372; x_wconf 85' lang='lat' dir='ltr'>sm-</span> 
     </span>
     <span class='ocr_line' id='line_1_8' title="bbox 73 3392 247 3452; baseline 0 -9"><span class='ocrx_word' id='word_1_21' title='bbox 73 3392 139 3452; x_wconf 62' lang='lat' dir='ltr'>aulis</span> <span class='ocrx_word' id='word_1_22' title='bbox 153 3393 247 3444; x_wconf 87' lang='lat' dir='ltr'>Trluit.</span> 
     </span>
     <span class='ocr_line' id='line_1_9' title="bbox 71 3462 193 3514; baseline 0.033 -4"><span class='ocrx_word' id='word_1_23' title='bbox 71 3462 193 3514; x_wconf 75' lang='lat' dir='ltr'>Peruenit</span> 
     </span>
    </p>
   </div>
   <div class='ocr_carea' id='block_1_5' title="bbox 303 559 1390 2418">
    <p class='ocr_par' dir='ltr' id='par_1_5' title="bbox 303 559 1390 2418">
     <span class='ocr_line' id='line_1_10' title="bbox 310 559 1309 650; baseline 0.007 -28"><span class='ocrx_word' id='word_1_24' title='bbox 310 559 426 623; x_wconf 93' lang='lat' dir='ltr'>horum</span> <span class='ocrx_word' id='word_1_25' title='bbox 449 566 637 645; x_wconf 85' lang='lat' dir='ltr'>argumenta</span> <span class='ocrx_word' id='word_1_26' title='bbox 660 560 846 646; x_wconf 89' lang='lat' dir='ltr'>singillatim</span> <span class='ocrx_word' id='word_1_27' title='bbox 869 561 1077 650; x_wconf 87' lang='lat' dir='ltr'>breviterque</span> <span class='ocrx_word' id='word_1_28' title='bbox 1100 564 1309 650; x_wconf 82' lang='lat' dir='ltr'>attingemus.</span> 
     </span>
     <span class='ocr_line' id='line_1_11' title="bbox 399 660 1387 755; baseline 0.004 -26"><span class='ocrx_word' id='word_1_29' title='bbox 399 663 506 729; x_wconf 83' lang='lat' dir='ltr'>Prima</span> <span class='ocrx_word' id='word_1_30' title='bbox 526 664 636 750; x_wconf 85' lang='lat' dir='ltr'>itaque</span> <span class='ocrx_word' id='word_1_31' title='bbox 659 660 823 730; x_wconf 88' lang='lat' dir='ltr'>decentiae</span> <span class='ocrx_word' id='word_1_32' title='bbox 847 667 931 731; x_wconf 89' lang='lat' dir='ltr'>ratio</span> <span class='ocrx_word' id='word_1_33' title='bbox 954 667 1103 754; x_wconf 88' lang='lat' dir='ltr'>positiva,</span> <span class='ocrx_word' id='word_1_34' title='bbox 1122 689 1206 755; x_wconf 88' lang='lat' dir='ltr'>quae</span> <span class='ocrx_word' id='word_1_35' title='bbox 1229 676 1262 733; x_wconf 92' lang='lat' dir='ltr'>ct</span> <span class='ocrx_word' id='word_1_36' title='bbox 1284 667 1387 754; x_wconf 91' lang='lat' dir='ltr'>potior</span> 
     </span>
     <span class='ocr_line' id='line_1_12' title="bbox 311 766 1385 853; baseline 0.003 -19"><span class='ocrx_word' id='word_1_37' title='bbox 311 776 370 847; x_wconf 70' lang='lat' dir='ltr'>est,</span> <span class='ocrx_word' id='word_1_38' title='bbox 386 777 418 834; x_wconf 91' lang='lat' dir='ltr'>et</span> <span class='ocrx_word' id='word_1_39' title='bbox 433 766 632 835; x_wconf 81' lang='lat' dir='ltr'>fundamenti</span> <span class='ocrx_word' id='word_1_40' title='bbox 658 770 762 835; x_wconf 88' lang='lat' dir='ltr'>instar</span> <span class='ocrx_word' id='word_1_41' title='bbox 785 772 974 853; x_wconf 89' lang='lat' dir='ltr'>assumitur,</span> <span class='ocrx_word' id='word_1_42' title='bbox 991 772 1119 840; x_wconf 86' lang='lat' dir='ltr'>divinae</span> <span class='ocrx_word' id='word_1_43' title='bbox 1140 773 1255 839; x_wconf 91' lang='lat' dir='ltr'>matris</span> <span class='ocrx_word' id='word_1_44' title='bbox 1275 781 1327 839; x_wconf 90' lang='lat' dir='ltr'>est</span> <span class='ocrx_word' id='word_1_45' title='bbox 1342 771 1385 837; x_wconf 91' lang='lat' dir='ltr'>di-</span> 
     </span>
     <span class='ocr_line' id='line_1_13' title="bbox 312 874 1385 965; baseline 0.005 -28"><span class='ocrx_word' id='word_1_46' title='bbox 312 874 415 959; x_wconf 85' lang='lat' dir='ltr'>gnitas</span> <span class='ocrx_word' id='word_1_47' title='bbox 431 883 527 962; x_wconf 89' lang='lat' dir='ltr'>atque</span> <span class='ocrx_word' id='word_1_48' title='bbox 543 875 694 940; x_wconf 91' lang='lat' dir='ltr'>officium.</span> <span class='ocrx_word' id='word_1_49' title='bbox 709 874 790 940; x_wconf 88' lang='lat' dir='ltr'>Sane</span> <span class='ocrx_word' id='word_1_50' title='bbox 805 876 883 942; x_wconf 91' lang='lat' dir='ltr'>huic</span> <span class='ocrx_word' id='word_1_51' title='bbox 906 878 1023 943; x_wconf 89' lang='lat' dir='ltr'>rationi</span> <span class='ocrx_word' id='word_1_52' title='bbox 1046 879 1237 944; x_wconf 91' lang='lat' dir='ltr'>institerunt</span> <span class='ocrx_word' id='word_1_53' title='bbox 1259 877 1385 965; x_wconf 85' lang='lat' dir='ltr'>antiqui</span> 
     </span>
     <span class='ocr_line' id='line_1_14' title="bbox 310 964 1387 1067; baseline 0.006 -26"><span class='ocrx_word' id='word_1_54' title='bbox 310 977 473 1043; x_wconf 79' lang='lat' dir='ltr'>Ecclesiae</span> <span class='ocrx_word' id='word_1_55' title='bbox 495 964 619 1058; x_wconf 87' lang='lat' dir='ltr'>Patres,</span> <span class='ocrx_word' id='word_1_56' title='bbox 642 986 680 1043; x_wconf 94' lang='lat' dir='ltr'>ut</span> <span class='ocrx_word' id='word_1_57' title='bbox 702 977 855 1060; x_wconf 74' lang='lat' dir='ltr'>vidimuS‚</span> <span class='ocrx_word' id='word_1_58' title='bbox 868 981 926 1067; x_wconf 89' lang='lat' dir='ltr'>qui</span> <span class='ocrx_word' id='word_1_59' title='bbox 950 980 1066 1047; x_wconf 84' lang='lat' dir='ltr'>exinde</span> <span class='ocrx_word' id='word_1_60' title='bbox 1092 982 1239 1047; x_wconf 88' lang='lat' dir='ltr'>unanimi</span> <span class='ocrx_word' id='word_1_61' title='bbox 1257 1003 1387 1048; x_wconf 87' lang='lat' dir='ltr'>consen·</span> 
     </span>
     <span class='ocr_line' id='line_1_15' title="bbox 310 1082 1387 1174; baseline 0.005 -25"><span class='ocrx_word' id='word_1_62' title='bbox 310 1084 399 1150; x_wconf 87' lang='lat' dir='ltr'>sione</span> <span class='ocrx_word' id='word_1_63' title='bbox 421 1082 577 1163; x_wconf 88' lang='lat' dir='ltr'>inferunt,</span> <span class='ocrx_word' id='word_1_64' title='bbox 602 1104 759 1151; x_wconf 86' lang='lat' dir='ltr'>summam</span> <span class='ocrx_word' id='word_1_65' title='bbox 781 1088 819 1151; x_wconf 91' lang='lat' dir='ltr'>B.</span> <span class='ocrx_word' id='word_1_66' title='bbox 843 1087 988 1174; x_wconf 76' lang='lat' dir='ltr'>Virginis</span> <span class='ocrx_word' id='word_1_67' title='bbox 1012 1086 1235 1154; x_wconf 83' lang='lat' dir='ltr'>excellentiam</span> <span class='ocrx_word' id='word_1_68' title='bbox 1263 1097 1298 1154; x_wconf 92' lang='lat' dir='ltr'>et</span> <span class='ocrx_word' id='word_1_69' title='bbox 1320 1111 1387 1154; x_wconf 85' lang='lat' dir='ltr'>san</span> 
     </span>
     <span class='ocr_line' id='line_1_16' title="bbox 309 1185 1386 1277; baseline 0.004 -27"><span class='ocrx_word' id='word_1_70' title='bbox 309 1186 463 1273; x_wconf 83' lang='lat' dir='ltr'>ctitutem3</span> <span class='ocrx_word' id='word_1_71' title='bbox 487 1187 567 1254; x_wconf 89' lang='lat' dir='ltr'>adeo</span> <span class='ocrx_word' id='word_1_72' title='bbox 593 1195 632 1252; x_wconf 89' lang='lat' dir='ltr'>ut</span> <span class='ocrx_word' id='word_1_73' title='bbox 655 1185 759 1253; x_wconf 89' lang='lat' dir='ltr'>eidem</span> <span class='ocrx_word' id='word_1_74' title='bbox 780 1189 831 1257; x_wconf 86' lang='lat' dir='ltr'>vel</span> <span class='ocrx_word' id='word_1_75' title='bbox 852 1190 916 1277; x_wconf 91' lang='lat' dir='ltr'>ipsi</span> <span class='ocrx_word' id='word_1_76' title='bbox 933 1190 1069 1277; x_wconf 92' lang='lat' dir='ltr'>spiritus</span> <span class='ocrx_word' id='word_1_77' title='bbox 1087 1191 1240 1257; x_wconf 88' lang='lat' dir='ltr'>caelestes</span> <span class='ocrx_word' id='word_1_78' title='bbox 1263 1191 1386 1257; x_wconf 88' lang='lat' dir='ltr'>cedant.</span> 
     </span>
     <span class='ocr_line' id='line_1_17' title="bbox 310 1289 1387 1372; baseline 0.003 -18"><span class='ocrx_word' id='word_1_79' title='bbox 310 1289 394 1355; x_wconf 90' lang='lat' dir='ltr'>Satis</span> <span class='ocrx_word' id='word_1_80' title='bbox 427 1291 491 1356; x_wconf 89' lang='lat' dir='ltr'>erit</span> <span class='ocrx_word' id='word_1_81' title='bbox 523 1290 633 1355; x_wconf 90' lang='lat' dir='ltr'>oculos</span> <span class='ocrx_word' id='word_1_82' title='bbox 656 1291 690 1354; x_wconf 95' lang='lat' dir='ltr'>in</span> <span class='ocrx_word' id='word_1_83' title='bbox 717 1290 812 1355; x_wconf 87' lang='lat' dir='ltr'>allata</span> <span class='ocrx_word' id='word_1_84' title='bbox 842 1292 976 1356; x_wconf 89' lang='lat' dir='ltr'>Patrum</span> <span class='ocrx_word' id='word_1_85' title='bbox 1000 1293 1181 1358; x_wconf 88' lang='lat' dir='ltr'>testimonia</span> <span class='ocrx_word' id='word_1_86' title='bbox 1215 1293 1387 1372; x_wconf 86' lang='lat' dir='ltr'>coniicere,</span> 
     </span>
     <span class='ocr_line' id='line_1_18' title="bbox 308 1395 1387 1485; baseline 0.005 -24"><span class='ocrx_word' id='word_1_87' title='bbox 308 1403 347 1461; x_wconf 93' lang='lat' dir='ltr'>ut</span> <span class='ocrx_word' id='word_1_88' title='bbox 369 1395 403 1460; x_wconf 96' lang='lat' dir='ltr'>id</span> <span class='ocrx_word' id='word_1_89' title='bbox 425 1396 604 1461; x_wconf 80' lang='lat' dir='ltr'>clarissime</span> <span class='ocrx_word' id='word_1_90' title='bbox 627 1404 789 1485; x_wconf 79' lang='lat' dir='ltr'>appareat.</span> <span class='ocrx_word' id='word_1_91' title='bbox 815 1397 896 1463; x_wconf 87' lang='lat' dir='ltr'>Cum</span> <span class='ocrx_word' id='word_1_92' title='bbox 920 1399 1004 1463; x_wconf 92' lang='lat' dir='ltr'>enim</span> <span class='ocrx_word' id='word_1_93' title='bbox 1027 1398 1137 1466; x_wconf 83' lang='lat' dir='ltr'>divino</span> <span class='ocrx_word' id='word_1_94' title='bbox 1159 1399 1237 1465; x_wconf 93' lang='lat' dir='ltr'>huic</span> <span class='ocrx_word' id='word_1_95' title='bbox 1261 1402 1387 1466; x_wconf 89' lang='lat' dir='ltr'>muneri</span> 
     </span>
     <span class='ocr_line' id='line_1_19' title="bbox 307 1500 1390 1591; baseline 0.008 -26"><span class='ocrx_word' id='word_1_96' title='bbox 307 1500 457 1567; x_wconf 90' lang='lat' dir='ltr'>obeundo</span> <span class='ocrx_word' id='word_1_97' title='bbox 473 1501 513 1566; x_wconf 89' lang='lat' dir='ltr'>ab</span> <span class='ocrx_word' id='word_1_98' title='bbox 529 1504 718 1568; x_wconf 84' lang='lat' dir='ltr'>aeternitate</span> <span class='ocrx_word' id='word_1_99' title='bbox 741 1504 812 1591; x_wconf 87' lang='lat' dir='ltr'>ipsa</span> <span class='ocrx_word' id='word_1_100' title='bbox 829 1507 865 1569; x_wconf 91' lang='lat' dir='ltr'>B.</span> <span class='ocrx_word' id='word_1_101' title='bbox 879 1505 981 1591; x_wconf 89' lang='lat' dir='ltr'>Virgo</span> <span class='ocrx_word' id='word_1_102' title='bbox 996 1504 1099 1571; x_wconf 89' lang='lat' dir='ltr'>fuerit</span> <span class='ocrx_word' id='word_1_103' title='bbox 1115 1528 1132 1571; x_wconf 88' lang='lat' dir='ltr'>a</span> <span class='ocrx_word' id='word_1_104' title='bbox 1149 1509 1218 1572; x_wconf 87' lang='lat' dir='ltr'>Deo</span> <span class='ocrx_word' id='word_1_105' title='bbox 1235 1507 1340 1573; x_wconf 89' lang='lat' dir='ltr'>electa</span> <span class='ocrx_word' id='word_1_106' title='bbox 1356 1531 1390 1574; x_wconf 92' lang='lat' dir='ltr'>ac</span> 
     </span>
     <span class='ocr_line' id='line_1_20' title="bbox 307 1603 1389 1692; baseline 0.007 -24"><span class='ocrx_word' id='word_1_107' title='bbox 307 1603 555 1692; x_wconf 85' lang='lat' dir='ltr'>pracdcstinata‚</span> <span class='ocrx_word' id='word_1_108' title='bbox 571 1606 645 1671; x_wconf 91' lang='lat' dir='ltr'>iure</span> <span class='ocrx_word' id='word_1_109' title='bbox 661 1605 827 1672; x_wconf 91' lang='lat' dir='ltr'>deducunt</span> <span class='ocrx_word' id='word_1_110' title='bbox 849 1607 999 1673; x_wconf 86' lang='lat' dir='ltr'>debuisse</span> <span class='ocrx_word' id='word_1_111' title='bbox 1016 1609 1058 1673; x_wconf 87' lang='lat' dir='ltr'>iis</span> <span class='ocrx_word' id='word_1_112' title='bbox 1068 1610 1178 1674; x_wconf 89' lang='lat' dir='ltr'>ornari</span> <span class='ocrx_word' id='word_1_113' title='bbox 1201 1616 1342 1676; x_wconf 88' lang='lat' dir='ltr'>naturae</span> <span class='ocrx_word' id='word_1_114' title='bbox 1356 1632 1389 1676; x_wconf 92' lang='lat' dir='ltr'>ac</span> 
     </span>
     <span class='ocr_line' id='line_1_21' title="bbox 307 1707 1386 1797; baseline 0.004 -25"><span class='ocrx_word' id='word_1_115' title='bbox 307 1709 429 1794; x_wconf 86' lang='lat' dir='ltr'>gratiae</span> <span class='ocrx_word' id='word_1_116' title='bbox 453 1707 594 1788; x_wconf 86' lang='lat' dir='ltr'>dotibus,</span> <span class='ocrx_word' id='word_1_117' title='bbox 607 1709 729 1797; x_wconf 91' lang='lat' dir='ltr'>quibus</span> <span class='ocrx_word' id='word_1_118' title='bbox 752 1717 919 1775; x_wconf 88' lang='lat' dir='ltr'>creaturas</span> <span class='ocrx_word' id='word_1_119' title='bbox 942 1731 1051 1776; x_wconf 91' lang='lat' dir='ltr'>omncs</span> <span class='ocrx_word' id='word_1_120' title='bbox 1067 1710 1285 1777; x_wconf 90' lang='lat' dir='ltr'>antecelleret.</span> <span class='ocrx_word' id='word_1_121' title='bbox 1303 1711 1386 1777; x_wconf 85' lang='lat' dir='ltr'>Talis</span> 
     </span>
     <span class='ocr_line' id='line_1_22' title="bbox 306 1811 1389 1897; baseline 0.002 -21"><span class='ocrx_word' id='word_1_122' title='bbox 306 1832 405 1897; x_wconf 86' lang='lat' dir='ltr'>porro</span> <span class='ocrx_word' id='word_1_123' title='bbox 426 1833 489 1877; x_wconf 94' lang='lat' dir='ltr'>non</span> <span class='ocrx_word' id='word_1_124' title='bbox 512 1819 607 1891; x_wconf 82' lang='lat' dir='ltr'>esset,</span> <span class='ocrx_word' id='word_1_125' title='bbox 623 1813 686 1876; x_wconf 94' lang='lat' dir='ltr'>nisi</span> <span class='ocrx_word' id='word_1_126' title='bbox 703 1811 819 1877; x_wconf 88' lang='lat' dir='ltr'>luisset</span> <span class='ocrx_word' id='word_1_127' title='bbox 842 1812 1005 1892; x_wconf 87' lang='lat' dir='ltr'>immunis,</span> <span class='ocrx_word' id='word_1_128' title='bbox 1023 1834 1085 1878; x_wconf 94' lang='lat' dir='ltr'>non</span> <span class='ocrx_word' id='word_1_129' title='bbox 1113 1812 1154 1877; x_wconf 90' lang='lat' dir='ltr'>ab</span> <span class='ocrx_word' id='word_1_130' title='bbox 1175 1813 1273 1879; x_wconf 83' lang='lat' dir='ltr'>noxis</span> <span class='ocrx_word' id='word_1_131' title='bbox 1296 1812 1389 1879; x_wconf 91' lang='lat' dir='ltr'>modo</span> 
     </span>
     <span class='ocr_line' id='line_1_23' title="bbox 307 1916 1390 2005; baseline 0.001 -24"><span class='ocrx_word' id='word_1_132' title='bbox 307 1938 391 2003; x_wconf 90' lang='lat' dir='ltr'>quae</span> <span class='ocrx_word' id='word_1_133' title='bbox 405 1917 537 2004; x_wconf 90' lang='lat' dir='ltr'>propria</span> <span class='ocrx_word' id='word_1_134' title='bbox 553 1917 677 1981; x_wconf 89' lang='lat' dir='ltr'>actione</span> <span class='ocrx_word' id='word_1_135' title='bbox 693 1922 874 2003; x_wconf 87' lang='lat' dir='ltr'>patrantur,</span> <span class='ocrx_word' id='word_1_136' title='bbox 891 1937 1004 1982; x_wconf 89' lang='lat' dir='ltr'>verum</span> <span class='ocrx_word' id='word_1_137' title='bbox 1019 1924 1052 1982; x_wconf 89' lang='lat' dir='ltr'>et</span> <span class='ocrx_word' id='word_1_138' title='bbox 1068 1916 1108 1981; x_wconf 85' lang='lat' dir='ltr'>ab</span> <span class='ocrx_word' id='word_1_139' title='bbox 1124 1917 1194 2004; x_wconf 87' lang='lat' dir='ltr'>ipsa</span> <span class='ocrx_word' id='word_1_140' title='bbox 1211 1916 1312 2005; x_wconf 88' lang='lat' dir='ltr'>culpa</span> <span class='ocrx_word' id='word_1_141' title='bbox 1328 1917 1390 2005; x_wconf 91' lang='lat' dir='ltr'>pri-</span> 
     </span>
     <span class='ocr_line' id='line_1_24' title="bbox 304 2015 1389 2108; baseline 0.002 -26"><span class='ocrx_word' id='word_1_142' title='bbox 304 2017 455 2105; x_wconf 83' lang='lat' dir='ltr'>migenia,</span> <span class='ocrx_word' id='word_1_143' title='bbox 465 2040 548 2106; x_wconf 89' lang='lat' dir='ltr'>quae</span> <span class='ocrx_word' id='word_1_144' title='bbox 561 2018 744 2084; x_wconf 86' lang='lat' dir='ltr'>universam</span> <span class='ocrx_word' id='word_1_145' title='bbox 754 2018 920 2084; x_wconf 92' lang='lat' dir='ltr'>hominum</span> <span class='ocrx_word' id='word_1_146' title='bbox 932 2015 1044 2083; x_wconf 83' lang='lat' dir='ltr'>iniecit</span> <span class='ocrx_word' id='word_1_147' title='bbox 1052 2026 1212 2084; x_wconf 89' lang='lat' dir='ltr'>naturam.</span> <span class='ocrx_word' id='word_1_148' title='bbox 1223 2019 1389 2108; x_wconf 89' lang='lat' dir='ltr'>Siquidem</span> 
     </span>
     <span class='ocr_line' id='line_1_25' title="bbox 305 2116 1390 2207; baseline 0.005 -26"><span class='ocrx_word' id='word_1_149' title='bbox 305 2116 361 2183; x_wconf 87' lang='lat' dir='ltr'>lini</span> <span class='ocrx_word' id='word_1_150' title='bbox 378 2119 481 2185; x_wconf 89' lang='lat' dir='ltr'>media</span> <span class='ocrx_word' id='word_1_151' title='bbox 504 2126 579 2184; x_wconf 88' lang='lat' dir='ltr'>sunt</span> <span class='ocrx_word' id='word_1_152' title='bbox 599 2118 874 2185; x_wconf 89' lang='lat' dir='ltr'>accommodanda.</span> <span class='ocrx_word' id='word_1_153' title='bbox 887 2122 976 2186; x_wconf 87' lang='lat' dir='ltr'>Deus</span> <span class='ocrx_word' id='word_1_154' title='bbox 993 2120 1097 2206; x_wconf 92' lang='lat' dir='ltr'>igitur</span> <span class='ocrx_word' id='word_1_155' title='bbox 1112 2120 1170 2207; x_wconf 89' lang='lat' dir='ltr'>qui</span> <span class='ocrx_word' id='word_1_156' title='bbox 1194 2120 1390 2206; x_wconf 88' lang='lat' dir='ltr'>sapientissi-</span> 
     </span>
     <span class='ocr_line' id='line_1_26' title="bbox 303 2224 1382 2312; baseline -0.001 -24"><span class='ocrx_word' id='word_1_157' title='bbox 303 2245 377 2289; x_wconf 91' lang='lat' dir='ltr'>mus</span> <span class='ocrx_word' id='word_1_158' title='bbox 389 2232 438 2290; x_wconf 90' lang='lat' dir='ltr'>est</span> <span class='ocrx_word' id='word_1_159' title='bbox 450 2246 486 2290; x_wconf 88' lang='lat' dir='ltr'>ac</span> <span class='ocrx_word' id='word_1_160' title='bbox 499 2247 622 2290; x_wconf 91' lang='lat' dir='ltr'>summe</span> <span class='ocrx_word' id='word_1_161' title='bbox 634 2232 747 2312; x_wconf 88' lang='lat' dir='ltr'>potens</span> <span class='ocrx_word' id='word_1_162' title='bbox 759 2246 777 2289; x_wconf 87' lang='lat' dir='ltr'>u</span> <span class='ocrx_word' id='word_1_163' title='bbox 790 2225 950 2290; x_wconf 91' lang='lat' dir='ltr'>communi</span> <span class='ocrx_word' id='word_1_164' title='bbox 963 2246 1033 2289; x_wconf 90' lang='lat' dir='ltr'>cam</span> <span class='ocrx_word' id='word_1_165' title='bbox 1045 2224 1114 2310; x_wconf 85' lang='lat' dir='ltr'>lege</span> <span class='ocrx_word' id='word_1_166' title='bbox 1128 2246 1259 2291; x_wconf 84' lang='lat' dir='ltr'>servare</span> <span class='ocrx_word' id='word_1_167' title='bbox 1269 2224 1382 2291; x_wconf 90' lang='lat' dir='ltr'>debuit.</span> 
     </span>
     <span class='ocr_line' id='line_1_27' title="bbox 304 2328 1385 2418; baseline 0 -25"><span class='ocrx_word' id='word_1_168' title='bbox 304 2329 416 2396; x_wconf 88' lang='lat' dir='ltr'>Patres</span> <span class='ocrx_word' id='word_1_169' title='bbox 434 2337 601 2418; x_wconf 90' lang='lat' dir='ltr'>praeterea</span> <span class='ocrx_word' id='word_1_170' title='bbox 618 2331 677 2395; x_wconf 88' lang='lat' dir='ltr'>hac</span> <span class='ocrx_word' id='word_1_171' title='bbox 693 2329 764 2416; x_wconf 91' lang='lat' dir='ltr'>ipsa</span> <span class='ocrx_word' id='word_1_172' title='bbox 781 2328 820 2395; x_wconf 91' lang='lat' dir='ltr'>de</span> <span class='ocrx_word' id='word_1_173' title='bbox 837 2351 936 2395; x_wconf 86' lang='lat' dir='ltr'>causa</span> <span class='ocrx_word' id='word_1_174' title='bbox 953 2350 1018 2394; x_wconf 94' lang='lat' dir='ltr'>uno</span> <span class='ocrx_word' id='word_1_175' title='bbox 1030 2351 1086 2394; x_wconf 93' lang='lat' dir='ltr'>ore</span> <span class='ocrx_word' id='word_1_176' title='bbox 1099 2329 1270 2410; x_wconf 84' lang='lat' dir='ltr'>affirmant,</span> <span class='ocrx_word' id='word_1_177' title='bbox 1290 2333 1385 2397; x_wconf 88' lang='lat' dir='ltr'>Deum</span> 
     </span>
    </p>
   </div>
   <div class='ocr_carea' id='block_1_6' title="bbox 276 2426 1385 2523">
    <p class='ocr_par' dir='ltr' id='par_1_6' title="bbox 276 2426 1385 2523">
     <span class='ocr_line' id='line_1_28' title="bbox 276 2426 1385 2523; baseline 0 -26"><span class='ocrx_word' id='word_1_178' title='bbox 276 2426 278 2439; x_wconf 83' lang='lat'>&#39;</span> <span class='ocrx_word' id='word_1_179' title='bbox 299 2434 462 2523; x_wconf 88' lang='lat' dir='ltr'>peculiari</span> <span class='ocrx_word' id='word_1_180' title='bbox 495 2435 620 2500; x_wconf 88' lang='lat' dir='ltr'>ratione</span> <span class='ocrx_word' id='word_1_181' title='bbox 644 2436 681 2499; x_wconf 91' lang='lat' dir='ltr'>B.</span> <span class='ocrx_word' id='word_1_182' title='bbox 706 2434 874 2519; x_wconf 83' lang='lat' dir='ltr'>Virginem</span> <span class='ocrx_word' id='word_1_183' title='bbox 896 2433 999 2499; x_wconf 87' lang='lat' dir='ltr'>veluti</span> <span class='ocrx_word' id='word_1_184' title='bbox 1023 2433 1134 2498; x_wconf 89' lang='lat' dir='ltr'>aedem</span> <span class='ocrx_word' id='word_1_185' title='bbox 1158 2433 1306 2499; x_wconf 87' lang='lat' dir='ltr'>suumin</span> <span class='ocrx_word' id='word_1_186' title='bbox 1328 2453 1385 2521; x_wconf 85' lang='lat' dir='ltr'>qua</span> 
     </span>
    </p>
   </div>
   <div class='ocr_carea' id='block_1_7' title="bbox 299 2536 1388 3660">
    <p class='ocr_par' dir='ltr' id='par_1_7' title="bbox 301 2536 1384 3050">
     <span class='ocr_line' id='line_1_29' title="bbox 302 2536 1384 2625; baseline 0 -25"><span class='ocrx_word' id='word_1_187' title='bbox 302 2537 515 2625; x_wconf 87' lang='lat' dir='ltr'>corporaliter</span> <span class='ocrx_word' id='word_1_188' title='bbox 536 2537 716 2616; x_wconf 84' lang='lat' dir='ltr'>habitaret,</span> <span class='ocrx_word' id='word_1_189' title='bbox 744 2536 808 2603; x_wconf 88' lang='lat' dir='ltr'>sibi</span> <span class='ocrx_word' id='word_1_190' title='bbox 831 2537 1036 2616; x_wconf 83' lang='lat' dir='ltr'>extruxisse,</span> <span class='ocrx_word' id='word_1_191' title='bbox 1065 2536 1228 2615; x_wconf 79' lang='lat' dir='ltr'>effecisse,</span> <span class='ocrx_word' id='word_1_192' title='bbox 1255 2536 1384 2605; x_wconf 81' lang='lat' dir='ltr'>fabrica·</span> 
     </span>
     <span class='ocr_line' id='line_1_30' title="bbox 302 2641 1378 2729; baseline -0.002 -25"><span class='ocrx_word' id='word_1_193' title='bbox 302 2651 371 2705; x_wconf 91' lang='lat' dir='ltr'>tum</span> <span class='ocrx_word' id='word_1_194' title='bbox 394 2663 474 2706; x_wconf 90' lang='lat' dir='ltr'>esse.</span> <span class='ocrx_word' id='word_1_195' title='bbox 488 2643 560 2706; x_wconf 88' lang='lat' dir='ltr'>Non</span> <span class='ocrx_word' id='word_1_196' title='bbox 583 2649 633 2706; x_wconf 90' lang='lat' dir='ltr'>est</span> <span class='ocrx_word' id='word_1_197' title='bbox 655 2651 763 2709; x_wconf 88' lang='lat' dir='ltr'>autem</span> <span class='ocrx_word' id='word_1_198' title='bbox 786 2641 978 2729; x_wconf 89' lang='lat' dir='ltr'>putandum,</span> <span class='ocrx_word' id='word_1_199' title='bbox 996 2662 1071 2706; x_wconf 90' lang='lat' dir='ltr'>eum</span> <span class='ocrx_word' id='word_1_200' title='bbox 1087 2641 1229 2707; x_wconf 90' lang='lat' dir='ltr'>voluisse</span> <span class='ocrx_word' id='word_1_201' title='bbox 1248 2652 1289 2708; x_wconf 94' lang='lat' dir='ltr'>ut</span> <span class='ocrx_word' id='word_1_202' title='bbox 1306 2661 1378 2729; x_wconf 90' lang='lat' dir='ltr'>opus</span> 
     </span>
     <span class='ocr_line' id='line_1_31' title="bbox 301 2744 1382 2833; baseline 0 -25"><span class='ocrx_word' id='word_1_203' title='bbox 301 2750 366 2808; x_wconf 92' lang='lat' dir='ltr'>tam</span> <span class='ocrx_word' id='word_1_204' title='bbox 382 2746 538 2810; x_wconf 83' lang='lat' dir='ltr'>eximium</span> <span class='ocrx_word' id='word_1_205' title='bbox 556 2745 595 2811; x_wconf 92' lang='lat' dir='ltr'>ab</span> <span class='ocrx_word' id='word_1_206' title='bbox 612 2747 682 2833; x_wconf 91' lang='lat' dir='ltr'>ipsa</span> <span class='ocrx_word' id='word_1_207' title='bbox 706 2746 947 2812; x_wconf 87' lang='lat' dir='ltr'>suamolitionc</span> <span class='ocrx_word' id='word_1_208' title='bbox 963 2744 1120 2810; x_wconf 85' lang='lat' dir='ltr'>iniectum</span> <span class='ocrx_word' id='word_1_209' title='bbox 1154 2745 1382 2833; x_wconf 89' lang='lat' dir='ltr'>sordidumque</span> 
     </span>
     <span class='ocr_line' id='line_1_32' title="bbox 301 2849 1384 2939; baseline -0.001 -24"><span class='ocrx_word' id='word_1_210' title='bbox 301 2856 407 2930; x_wconf 85' lang='lat' dir='ltr'>esset,</span> <span class='ocrx_word' id='word_1_211' title='bbox 431 2849 658 2939; x_wconf 89' lang='lat' dir='ltr'>daemonisque</span> <span class='ocrx_word' id='word_1_212' title='bbox 681 2850 766 2918; x_wconf 84' lang='lat' dir='ltr'>foret</span> <span class='ocrx_word' id='word_1_213' title='bbox 786 2850 1032 2929; x_wconf 85' lang='lat' dir='ltr'>habitaculum,</span> <span class='ocrx_word' id='word_1_214' title='bbox 1065 2849 1116 2916; x_wconf 88' lang='lat' dir='ltr'>vel</span> <span class='ocrx_word' id='word_1_215' title='bbox 1145 2850 1282 2917; x_wconf 88' lang='lat' dir='ltr'>minimo</span> <span class='ocrx_word' id='word_1_216' title='bbox 1315 2851 1384 2916; x_wconf 91' lang='lat' dir='ltr'>licet</span> 
     </span>
     <span class='ocr_line' id='line_1_33' title="bbox 301 2955 722 3050; baseline 0.007 -30"><span class='ocrx_word' id='word_1_217' title='bbox 301 2958 455 3045; x_wconf 90' lang='lat' dir='ltr'>temporis</span> <span class='ocrx_word' id='word_1_218' title='bbox 481 2968 640 3024; x_wconf 88' lang='lat' dir='ltr'>momento</span> <span class='ocrx_word' id='word_1_219' title='bbox 668 2955 722 3050; x_wconf 78' lang='lat' dir='ltr'>(l).</span> 
     </span>
    </p>

    <p class='ocr_par' dir='ltr' id='par_1_8' title="bbox 299 3058 1388 3660">
     <span class='ocr_line' id='line_1_34' title="bbox 391 3058 1385 3149; baseline -0.004 -23"><span class='ocrx_word' id='word_1_220' title='bbox 391 3060 427 3126; x_wconf 95' lang='lat' dir='ltr'>ld</span> <span class='ocrx_word' id='word_1_221' title='bbox 456 3062 563 3149; x_wconf 92' lang='lat' dir='ltr'>ipsum</span> <span class='ocrx_word' id='word_1_222' title='bbox 581 3062 738 3148; x_wconf 85' lang='lat' dir='ltr'>colligunt</span> <span class='ocrx_word' id='word_1_223' title='bbox 754 3082 772 3127; x_wconf 88' lang='lat' dir='ltr'>e</span> <span class='ocrx_word' id='word_1_224' title='bbox 788 3061 889 3130; x_wconf 81' lang='lat' dir='ltr'>variis</span> <span class='ocrx_word' id='word_1_225' title='bbox 918 3058 1136 3127; x_wconf 89' lang='lat' dir='ltr'>relationibus</span> <span class='ocrx_word' id='word_1_226' title='bbox 1164 3081 1248 3147; x_wconf 88' lang='lat' dir='ltr'>quas</span> <span class='ocrx_word' id='word_1_227' title='bbox 1266 3062 1303 3125; x_wconf 91' lang='lat' dir='ltr'>B.</span> <span class='ocrx_word' id='word_1_228' title='bbox 1318 3058 1385 3124; x_wconf 80' lang='lat' dir='ltr'>vir-</span> 
     </span>
     <span class='ocr_line' id='line_1_35' title="bbox 301 3162 1384 3252; baseline -0.005 -21"><span class='ocrx_word' id='word_1_229' title='bbox 301 3187 342 3252; x_wconf 84' lang='lat' dir='ltr'>go</span> <span class='ocrx_word' id='word_1_230' title='bbox 366 3164 407 3231; x_wconf 93' lang='lat' dir='ltr'>ob</span> <span class='ocrx_word' id='word_1_231' title='bbox 435 3164 577 3232; x_wconf 83' lang='lat' dir='ltr'>divinam</span> <span class='ocrx_word' id='word_1_232' title='bbox 603 3172 832 3233; x_wconf 79' lang='lat' dir='ltr'>maternitatem</span> <span class='ocrx_word' id='word_1_233' title='bbox 860 3187 953 3231; x_wconf 88' lang='lat' dir='ltr'>suam</span> <span class='ocrx_word' id='word_1_234' title='bbox 980 3163 1022 3230; x_wconf 88' lang='lat' dir='ltr'>ad</span> <span class='ocrx_word' id='word_1_235' title='bbox 1056 3164 1201 3250; x_wconf 90' lang='lat' dir='ltr'>singulas</span> <span class='ocrx_word' id='word_1_236' title='bbox 1225 3162 1384 3229; x_wconf 90' lang='lat' dir='ltr'>sanctissi-</span> 
     </span>
     <span class='ocr_line' id='line_1_36' title="bbox 300 3266 1384 3354; baseline -0.004 -22"><span class='ocrx_word' id='word_1_237' title='bbox 300 3289 371 3333; x_wconf 87' lang='lat' dir='ltr'>mae</span> <span class='ocrx_word' id='word_1_238' title='bbox 382 3269 516 3335; x_wconf 83' lang='lat' dir='ltr'>-Triadis</span> <span class='ocrx_word' id='word_1_239' title='bbox 532 3272 691 3335; x_wconf 88' lang='lat' dir='ltr'>Personas</span> <span class='ocrx_word' id='word_1_240' title='bbox 707 3276 801 3333; x_wconf 89' lang='lat' dir='ltr'>nacta</span> <span class='ocrx_word' id='word_1_241' title='bbox 817 3273 876 3333; x_wconf 88' lang='lat' dir='ltr'>est.</span> <span class='ocrx_word' id='word_1_242' title='bbox 890 3272 938 3333; x_wconf 84' lang='lat' dir='ltr'>Ac</span> <span class='ocrx_word' id='word_1_243' title='bbox 951 3268 1093 3354; x_wconf 91' lang='lat' dir='ltr'>primum</span> <span class='ocrx_word' id='word_1_244' title='bbox 1105 3287 1147 3331; x_wconf 84' lang='lat' dir='ltr'>cx</span> <span class='ocrx_word' id='word_1_245' title='bbox 1158 3287 1196 3331; x_wconf 92' lang='lat' dir='ltr'>ca</span> <span class='ocrx_word' id='word_1_246' title='bbox 1218 3287 1305 3353; x_wconf 87' lang='lat' dir='ltr'>quae</span> <span class='ocrx_word' id='word_1_247' title='bbox 1321 3266 1384 3331; x_wconf 88' lang='lat' dir='ltr'>Ma·</span> 
     </span>
     <span class='ocr_line' id='line_1_37' title="bbox 299 3367 1384 3439; baseline -0.006 -3"><span class='ocrx_word' id='word_1_248' title='bbox 299 3373 382 3436; x_wconf 91' lang='lat' dir='ltr'>riam</span> <span class='ocrx_word' id='word_1_249' title='bbox 409 3373 495 3438; x_wconf 90' lang='lat' dir='ltr'>inter</span> <span class='ocrx_word' id='word_1_250' title='bbox 516 3381 548 3437; x_wconf 91' lang='lat' dir='ltr'>et</span> <span class='ocrx_word' id='word_1_251' title='bbox 572 3373 738 3439; x_wconf 87' lang='lat' dir='ltr'>Christum</span> <span class='ocrx_word' id='word_1_252' title='bbox 755 3395 812 3438; x_wconf 88' lang='lat' dir='ltr'>seu</span> <span class='ocrx_word' id='word_1_253' title='bbox 834 3371 980 3438; x_wconf 88' lang='lat' dir='ltr'>Verbum</span> <span class='ocrx_word' id='word_1_254' title='bbox 999 3391 1128 3436; x_wconf 85' lang='lat' dir='ltr'>caruem</span> <span class='ocrx_word' id='word_1_255' title='bbox 1149 3367 1274 3434; x_wconf 84' lang='lat' dir='ltr'>lactum</span> <span class='ocrx_word' id='word_1_256' title='bbox 1292 3369 1384 3433; x_wconf 88' lang='lat' dir='ltr'>inter·</span> 
     </span>
     <span class='ocr_line' id='line_1_38' title="bbox 299 3472 1388 3566; baseline -0.008 -23"><span class='ocrx_word' id='word_1_257' title='bbox 299 3484 360 3551; x_wconf 83' lang='lat' dir='ltr'>est.</span> <span class='ocrx_word' id='word_1_258' title='bbox 385 3478 467 3544; x_wconf 87' lang='lat' dir='ltr'>Cum</span> <span class='ocrx_word' id='word_1_259' title='bbox 490 3479 575 3544; x_wconf 90' lang='lat' dir='ltr'>enim</span> <span class='ocrx_word' id='word_1_260' title='bbox 598 3477 744 3563; x_wconf 88' lang='lat' dir='ltr'>Verbum</span> <span class='ocrx_word' id='word_1_261' title='bbox 766 3499 824 3566; x_wconf 93' lang='lat' dir='ltr'>per</span> <span class='ocrx_word' id='word_1_262' title='bbox 847 3476 1101 3542; x_wconf 86' lang='lat' dir='ltr'>incarnationem</span> <span class='ocrx_word' id='word_1_263' title='bbox 1132 3472 1287 3539; x_wconf 83' lang='lat' dir='ltr'>futurum</span> <span class='ocrx_word' id='word_1_264' title='bbox 1303 3477 1388 3549; x_wconf 41' lang='lat' dir='ltr'>esset,</span> 
     </span>
     <span class='ocr_line' id='line_1_39' title="bbox 299 3574 1380 3660; baseline -0.013 -9"><span class='ocrx_word' id='word_1_265' title='bbox 299 3605 396 3651; x_wconf 81' lang='lat' dir='ltr'>verns</span> <span class='ocrx_word' id='word_1_266' title='bbox 423 3604 460 3649; x_wconf 91' lang='lat' dir='ltr'>ac</span> <span class='ocrx_word' id='word_1_267' title='bbox 487 3582 646 3648; x_wconf 89' lang='lat' dir='ltr'>naturalis</span> <span class='ocrx_word' id='word_1_268' title='bbox 669 3583 794 3650; x_wconf 87' lang='lat' dir='ltr'>Mariae</span> <span class='ocrx_word' id='word_1_269' title='bbox 823 3581 921 3660; x_wconf 88' lang='lat' dir='ltr'>filius,</span> <span class='ocrx_word' id='word_1_270' title='bbox 945 3601 1021 3645; x_wconf 87' lang='lat' dir='ltr'>sane</span> <span class='ocrx_word' id='word_1_271' title='bbox 1053 3577 1188 3645; x_wconf 88' lang='lat' dir='ltr'>decebat</span> <span class='ocrx_word' id='word_1_272' title='bbox 1211 3585 1251 3644; x_wconf 89' lang='lat' dir='ltr'>ut</span> <span class='ocrx_word' id='word_1_273' title='bbox 1268 3574 1380 3644; x_wconf 90' lang='lat' dir='ltr'>Matris</span> 
     </span>
    </p>
   </div>
   <div class='ocr_carea' id='block_1_8' title="bbox 298 3789 1380 4288">
    <p class='ocr_par' dir='ltr' id='par_1_9' title="bbox 298 3789 1380 4288">
     <span class='ocr_line' id='line_1_40' title="bbox 337 3789 1377 3863; baseline -0.005 -16"><span class='ocrx_word' id='word_1_274' title='bbox 337 3790 811 3863; x_wconf 75' lang='lat' dir='ltr'>(l)ConterSegneriumMaunudell‘</span> <span class='ocrx_word' id='word_1_275' title='bbox 864 3793 960 3844; x_wconf 86' lang='lat' dir='ltr'>tissime</span> <span class='ocrx_word' id='word_1_276' title='bbox 969 3790 1080 3843; x_wconf 84' lang='lat' dir='ltr'>rationes</span> <span class='ocrx_word' id='word_1_277' title='bbox 1089 3789 1377 3856; x_wconf 76' lang='lat' dir='ltr'>congruentiae‚quibut</span> 
     </span>
     <span class='ocr_line' id='line_1_41' title="bbox 300 3867 1376 3953; baseline -0.009 -19"><span class='ocrx_word' id='word_1_278' title='bbox 300 3867 434 3934; x_wconf 74' lang='lat' dir='ltr'>animated</span> <span class='ocrx_word' id='word_1_279' title='bbox 455 3881 521 3932; x_wconf 87' lang='lat' dir='ltr'>diem</span> <span class='ocrx_word' id='word_1_280' title='bbox 539 3881 602 3932; x_wconf 87' lang='lat' dir='ltr'>VIII</span> <span class='ocrx_word' id='word_1_281' title='bbox 621 3879 815 3953; x_wconf 78' lang='lat' dir='ltr'>decembrIsubi</span> <span class='ocrx_word' id='word_1_282' title='bbox 867 3878 1007 3930; x_wconf 81' lang='lat' dir='ltr'>adstruitur</span> <span class='ocrx_word' id='word_1_283' title='bbox 1019 3875 1303 3950; x_wconf 69' lang='lat' dir='ltr'>Immaculata-virginis</span> <span class='ocrx_word' id='word_1_284' title='bbox 1316 3875 1376 3925; x_wconf 81' lang='lat' dir='ltr'>Cou-</span> 
     </span>
     <span class='ocr_line' id='line_1_42' title="bbox 298 3960 1377 4028; baseline -0.008 -12"><span class='ocrx_word' id='word_1_285' title='bbox 298 3966 348 4016; x_wconf 88' lang='lat' dir='ltr'>boc</span> <span class='ocrx_word' id='word_1_286' title='bbox 360 3969 537 4028; x_wconf 87' lang='lat' dir='ltr'>argumentum</span> <span class='ocrx_word' id='word_1_287' title='bbox 554 3965 724 4028; x_wconf 87' lang='lat' dir='ltr'>pulcherrime</span> <span class='ocrx_word' id='word_1_288' title='bbox 743 3964 810 4015; x_wconf 82' lang='lat' dir='ltr'>evol·</span> <span class='ocrx_word' id='word_1_289' title='bbox 864 3962 959 4027; x_wconf 83' lang='lat' dir='ltr'>ceptio,</span> <span class='ocrx_word' id='word_1_290' title='bbox 976 3962 1002 4010; x_wconf 88' lang='lat' dir='ltr'>in</span> <span class='ocrx_word' id='word_1_291' title='bbox 1021 3974 1068 4011; x_wconf 89' lang='lat' dir='ltr'>suo</span> <span class='ocrx_word' id='word_1_292' title='bbox 1085 3960 1181 4010; x_wconf 86' lang='lat' dir='ltr'>lumine</span> <span class='ocrx_word' id='word_1_293' title='bbox 1210 3961 1294 4025; x_wconf 79' lang='lat' dir='ltr'>ponit3</span> <span class='ocrx_word' id='word_1_294' title='bbox 1317 3972 1377 4024; x_wconf 85' lang='lat' dir='ltr'>quae</span> 
     </span>
     <span class='ocr_line' id='line_1_43' title="bbox 299 4045 1380 4116; baseline -0.005 -18"><span class='ocrx_word' id='word_1_295' title='bbox 299 4051 460 4116; x_wconf 53' lang='lat' dir='ltr'>munecaton</span> <span class='ocrx_word' id='word_1_296' title='bbox 471 4050 712 4102; x_wconf 81' lang='lat' dir='ltr'>BossuetiSermont</span> <span class='ocrx_word' id='word_1_297' title='bbox 723 4050 812 4116; x_wconf 78' lang='lat' dir='ltr'>1‚11,et</span> <span class='ocrx_word' id='word_1_298' title='bbox 864 4061 927 4098; x_wconf 78' lang='lat' dir='ltr'>vero</span> <span class='ocrx_word' id='word_1_299' title='bbox 948 4047 1030 4097; x_wconf 87' lang='lat' dir='ltr'>eidem</span> <span class='ocrx_word' id='word_1_300' title='bbox 1048 4046 1176 4097; x_wconf 84' lang='lat' dir='ltr'>adversari</span> <span class='ocrx_word' id='word_1_301' title='bbox 1189 4045 1380 4111; x_wconf 81' lang='lat' dir='ltr'>videntur,dIs·</span> 
     </span>
     <span class='ocr_line' id='line_1_44' title="bbox 301 4131 1377 4206; baseline -0.007 -19"><span class='ocrx_word' id='word_1_302' title='bbox 301 4139 338 4187; x_wconf 87' lang='lat' dir='ltr'>Ill</span> <span class='ocrx_word' id='word_1_303' title='bbox 357 4151 404 4191; x_wconf 79' lang='lat' dir='ltr'>sur</span> <span class='ocrx_word' id='word_1_304' title='bbox 417 4138 447 4190; x_wconf 86' lang='lat' dir='ltr'>le</span> <span class='ocrx_word' id='word_1_305' title='bbox 460 4133 620 4206; x_wconf 80' lang='lat' dir='ltr'>Concepttoe</span> <span class='ocrx_word' id='word_1_306' title='bbox 629 4133 700 4188; x_wconf 82' lang='lat' dir='ltr'>dele</span> <span class='ocrx_word' id='word_1_307' title='bbox 713 4131 808 4188; x_wconf 72' lang='lat' dir='ltr'>Salate</span> <span class='ocrx_word' id='word_1_308' title='bbox 862 4132 948 4183; x_wconf 82' lang='lat' dir='ltr'>solvit.</span> <span class='ocrx_word' id='word_1_309' title='bbox 959 4133 1023 4196; x_wconf 77' lang='lat' dir='ltr'>tipp.</span> <span class='ocrx_word' id='word_1_310' title='bbox 1032 4131 1148 4182; x_wconf 85' lang='lat' dir='ltr'>Bossueti</span> <span class='ocrx_word' id='word_1_311' title='bbox 1168 4131 1230 4180; x_wconf 84' lang='lat' dir='ltr'>edtt.</span> <span class='ocrx_word' id='word_1_312' title='bbox 1246 4131 1377 4183; x_wconf 82' lang='lat' dir='ltr'>versatiles</span> 
     </span>
     <span class='ocr_line' id='line_1_45' title="bbox 306 4210 1109 4288; baseline -0.016 -12"><span class='ocrx_word' id='word_1_313' title='bbox 306 4217 411 4288; x_wconf 74' lang='lat' dir='ltr'>l&#39;t&#39;erpe,</span> <span class='ocrx_word' id='word_1_314' title='bbox 422 4221 447 4272; x_wconf 89' lang='lat' dir='ltr'>in</span> <span class='ocrx_word' id='word_1_315' title='bbox 459 4222 551 4286; x_wconf 86' lang='lat' dir='ltr'>quihus</span> <span class='ocrx_word' id='word_1_316' title='bbox 569 4220 664 4285; x_wconf 87' lang='lat' dir='ltr'>pariter</span> <span class='ocrx_word' id='word_1_317' title='bbox 682 4220 806 4284; x_wconf 80' lang='lat' dir='ltr'>eloquen-</span> <span class='ocrx_word' id='word_1_318' title='bbox 863 4210 942 4282; x_wconf 80' lang='lat'>1836,</span> <span class='ocrx_word' id='word_1_319' title='bbox 961 4215 1036 4266; x_wconf 82' lang='lat' dir='ltr'>Tum.</span> <span class='ocrx_word' id='word_1_320' title='bbox 1051 4214 1109 4266; x_wconf 80' lang='lat' dir='ltr'>XV.</span> 
     </span>
    </p>
   </div>
   <div class='ocr_carea' id='block_1_9' title="bbox 0 0 1418 4904">
    <p class='ocr_par' dir='ltr' id='par_1_10' title="bbox 0 0 1418 4904">
     <span class='ocr_line' id='line_1_46' title="bbox 0 0 1418 4904; baseline 0 4"><span class='ocrx_word' id='word_1_321' title='bbox 0 0 1418 4904; x_wconf 95' lang='lat' dir='ltr'> </span> 
     </span>
    </p>
   </div>
  </div>
 </body>
</html>
