2828 4904
26 457 83 528 nit,
98 462 129 515 et
148 455 256 515 oirtns
277 450 428 513 ditissimi
451 460 547 514 totam
575 472 642 515 earn
664 450 819 537 possedit?
848 449 1018 538 Propterea
1046 474 1116 518 eene

25 577 97 620 caro
114 559 184 619 eius
199 559 267 617 iam
281 575 344 618 non
359 573 433 617 coro
443 559 567 641 peceati
580 554 655 637 fnit,
669 559 703 619 in
721 577 784 641 qna
800 554 884 620 Dens
899 567 997 621 totam
1013 557 1119 642 inson-

23 661 80 736 dit,
97 669 130 723 et
152 657 299 734 Verium,
316 657 400 744 qnod
420 678 495 722 earo
518 658 706 740 factumest,
721 663 926 746 sinepeecoto
943 661 986 724 od
999 684 1054 727 nos
1070 682 1120 725 oe-

23 768 69 829 nit
87 761 149 849 (1).

120 863 329 930 Probaturus
345 885 421 930 vero
434 884 459 929 s.
472 864 591 929 Petrus
603 864 750 930 Damiani
768 866 801 928 in
813 864 935 952 Opuec.
951 867 1006 945 Vl,
1020 889 1047 932 e.
1063 866 1117 946 19,

31 968 231 1034 Sinuoniueos
246 967 324 1033 licet
340 967 603 1054 corruptissimos
626 967 713 1033 haud
729 968 899 1055 inquinare
918 981 1117 1036 sacramento

34 1093 118 1160 quae
133 1070 370 1148 administrent,
388 1069 448 1135 hoc
471 1071 580 1135 utitur
595 1078 796 1156 argumento:
817 1070 1074 1160 Quandoquidem
1090 1087 1118 1138 et

31 1182 93 1263 epse
105 1176 170 1240 Dei
181 1176 337 1242 mediator
352 1187 382 1240 et
395 1175 552 1240 hominnm
567 1175 602 1239 de
613 1176 830 1263 peccatoribus
846 1182 997 1260 oriqinene
1015 1178 1117 1256 ducit,

28 1280 107 1344 etde
122 1279 317 1371 [enmntoto
339 1299 443 1342 massa
465 1282 651 1343 sinceritatis
671 1300 814 1365 azymon
836 1290 982 1368 concepta
1006 1279 1118 1368 absque

28 1384 95 1448 allo
110 1385 282 1448 vetustatis
291 1382 453 1466 infectione
464 1387 605 1468 suscepit.
618 1382 948 1470 Innrno‚nteupressias
960 1386 1119 1461 troanno

30 1492 97 1572 ipsc
106 1507 206 1551 carne
214 1483 444 1570 Virqinss‚qaae
453 1484 618 1571 depeccoto
630 1496 775 1572 concepta
787 1496 842 1563 est,
850 1508 924 1550 coro
936 1491 999 1551 sine
1006 1508 1117 1574 pecco-

37 1601 65 1651 ta
88 1587 220 1678 prodis't‚
243 1607 324 1673 qaae
339 1587 425 1652 altro
439 1591 532 1651 etiarn
563 1593 667 1652 earnis
686 1599 817 1675 peccota
845 1589 965 1654 delevit.
991 1588 1120 1667 Quibus

40 1688 144 1755 serhis
159 1696 296 1755 sanctus
312 1689 432 1780 Ductor
447 1697 610 1777 comparat
632 1690 753 1756 Christi
776 1711 904 1755 curnem
920 1688 1121 1778 desumptum

34 1816 73 1861 cx
87 1792 258 1859 maculato
273 1792 418 1880 Virginis
438 1813 534 1859 corne
550 1815 626 1859 cum
642 1795 849 1859 sacramentis
864 1792 905 1859 uh
923 1795 1061 1881 impuris
1077 1795 1126 1861 si-

34 1897 197 1963 moniacis
205 1895 451 1975 administratis,
476 1918 560 1984 quoe
585 1897 631 1962 ita
658 1918 720 1961 nou
748 1898 972 1984 inquinantur,
997 1907 1035 1965 ut
1050 1921 1126 1965 curo

41 2001 162 2068 Christi
176 1999 222 2067 uh
237 1998 358 2066 iniectu
371 2001 516 2087 Virginis
533 2021 629 2066 cerne
645 2022 707 2065 non
723 1998 788 2066 init
801 2003 925 2069 vitiata.

36 2188 39 2192 Α
125 2107 221 2173 Hunc
236 2106 273 2171 in
288 2126 417 2173 sensum
443 2105 557 2172 doctus
583 2105 638 2170 ille
665 2106 806 2192 piusque
826 2110 994 2196 Repertus
1022 2108 1123 2175 obbas

38 2208 93 2275 tii.
109 2209 129 2274 1
147 2206 317 2274 Coemnent.
334 2213 369 2275 in
399 2207 531 2276 Cantica
554 2207 696 2275 scribere
720 2209 807 2274 haud
833 2209 1005 2276 dubitavit:
1029 2212 1073 2278 Et
1089 2223 1125 2278 tn

37 2315 163 2402 quidem
176 2317 334 2380 neraeiter
349 2313 448 2378 dicere
460 2325 601 2402 poteras:
613 2313 692 2378 Ecce
703 2318 738 2379 in
748 2314 964 2401 iniquitatibus
976 2326 1124 2402 concepto

38 2440 117 2484 som:
133 2427 166 2483 et
179 2421 366 2513 inpeccatis
381 2423 519 2505 concepit
532 2439 578 2482 nse
593 2428 694 2484 mater
708 2439 787 2482 mea.
807 2415 885 2482 Can
903 2422 983 2483 enine
998 2439 1073 2484 esses
1090 2419 1125 2483 de
1211 2439 1216 2451 ·

39 2544 140 2589 morso
155 2543 239 2609 qnae
261 2525 296 2586 in
310 2521 411 2586 Adane
427 2533 578 2608 correpto
593 2533 649 2598 est,
665 2521 876 2588 haereditario
895 2527 1019 2610 peccati
1032 2527 1127 2608 oriqi·

37 2627 119 2692 notis
143 2624 218 2691 tote
239 2647 304 2691 non
326 2624 470 2700 corchon
486 2624 624 2690 sedante
641 2625 753 2711 sociem
769 2625 861 2691 inies
878 2631 993 2692 orneris
1016 2647 1127 2713 pecca·

41 2743 102 2795 taen
115 2750 176 2797 nec
191 2729 277 2794 tund
289 2749 345 2794 nec
362 2729 462 2806 alind,
478 2740 561 2794 stare
575 2733 694 2816 potnit:
718 2740 790 2794 ante
812 2730 923 2812 faciens
939 2729 1032 2795 linias
1046 2733 1128 2815 iqnis

45 2835 158 2921 stipula
172 2836 274 2898 omnis
290 2837 478 2906 intercinat
494 2842 594 2897 totam
608 2845 751 2897 sonctnne
767 2835 852 2920 fieret
864 2832 1129 2912 hobitaonlnm‚in

48 2957 104 3022 qno
117 2936 210 3001 Dens
226 2940 298 3002 totis
319 2957 428 3001 novem
450 2934 601 3000 mensibus
617 2935 790 3011 habitarcte
809 2948 875 3002 tota
892 2941 1015 3002 omnino
1041 2958 1130 3003 mnn-

44 3040 82 3106 da
106 3039 310 3116 neroniade
336 3060 400 3126 qna
422 3051 533 3104 sancta
560 3038 620 3103 ner
634 3038 798 3126 Sapientia
821 3041 944 3106 donenne
972 3052 1130 3107 aeternam

49 3143 167 3210 n‘ds‘met
182 3142 372 3231 aedificaret.

132 3248 275 3332 Domum
291 3266 317 3310 s.
334 3244 517 3324 Anselmus‚
534 3246 592 3332 qni
608 3266 686 3332 prae
709 3246 827 3311 ceteris
851 3245 1049 3327 immaculati
1065 3247 1130 3312 vir·
1195 3258 1360 3313 sunnine·

49 3350 133 3436 girei
151 3349 335 3436 Conceptus
351 3356 493 3415 assertor
507 3349 604 3436 vulgo
620 3348 822 3437 perhibetur,
843 3350 877 3414 in
885 3349 946 3436 Op.
966 3347 1034 3417 Gar
1048 3351 1131 3417 Dens
1183 3333 1255 3386 ⁰⁸³¹·

1207 835 1233 884 S·
1257 835 1350 886 Petrus

1173 904 1294 955 Domioui.

81 3568 116 3638 (1)
133 3573 202 3624 ibid.
218 3570 412 3626 Advertendum
424 3577 508 3624 tomen
519 3577 558 3623 est
610 3572 755 3622 exhibetur.
773 3573 863 3636 Neque
880 3573 1025 3636 permisceri
1040 3571 1082 3622 hie
1092 3573 1124 3622 ii·

50 3662 181 3709 auctorem
188 3657 248 3709 libri
260 3653 556 3725 Deperpetaavt‘rqini·
608 3656 654 3706 ber
666 3656 742 3707 debet
762 3670 821 3706 oum
841 3657 922 3707 altero
940 3657 1061 3719 inscripto
1079 3653 1122 3706 Dc

53 3742 102 3792 tete
112 3737 150 3792 Β.
162 3736 273 3794 Mariae
285 3742 310 3792 et
321 3737 354 3793 de
363 3738 420 3792 eins
437 3738 559 3809 portari-
611 3737 768 3806 oirqinitote
781 3746 887 3793 sanctae
898 3742 923 3792 et
933 3738 1067 3808 qtore'osoe
1078 3733 1128 3792 Ge-

53 3820 117 3876 tione
134 3838 188 3874 non
206 3811 520 3890 essenllildelphonsnm,
530 3830 559 3874 ut
586 3815 588 3818 ’
612 3823 716 3874 nitricis
731 3820 898 3878 vestiariae
912 3822 1003 3897 ordine
1019 3820 1128 3887 metoni-

52 3914 134 3969 postea
153 3907 281 3976 dicemns5
298 3911 342 3961 sed
361 3909 562 3960 s.'Posehosium
614 3894 790 3977 moraneqqui
812 3910 892 3974 reipsa
915 3923 936 3958 s.
954 3907 1129 3970 Hildeiphousi

54 3990 206 4046 hierium:
218 3995 245 4044 in
255 3994 411 4046 Bibliotheca
420 3999 504 4046 umen
514 4007 564 4044 mo·
616 3997 665 4061 est⁷
675 3997 701 4043 et
715 3998 813 4058 prestet
824 3995 849 4044 in
867 3995 962 4044 eadem·
970 3990 1129 4042 Bibliotheca

54 4076 110 4130 dns
131 4081 242 4129 Petrum
259 4079 412 4144 lugdunensi
430 4079 562 4146 tom.Xii‚
614 4072 742 4143 peg.54'9.

55 4174 105 4226 neg.
127 4157 193 4229 565,
221 4163 326 4219 nomine
345 4177 366 4215 s.
391 4162 565 4228 Hildelphonsi
