2828 4904
428 342 613 412 -195-

96 487 103 528 ι
127 463 295 531 bominum
318 463 455 529 salutem
472 463 531 552 (l);
554 473 653 550 atquc
678 464 723 528 ita
747 485 855 550 porro.
881 464 963 530 Sane
985 463 1066 531 vidi·
1159 480 1176 518 Ἀ

96 588 187 654 psum
217 588 243 631 s.
273 565 493 645 bernardum,
522 587 547 630 s.
578 566 730 630 Tbomam
758 573 949 653 ceterosque
980 567 1070 632 scho

96 671 327 756 sconiungere
350 670 474 735 causali
491 691 579 735 nexu
595 668 819 734 celebritatem
842 668 918 733 lesti
942 669 1071 769 B·,Vi¹”·
1155 651 1160 663 ⁸

96 797 181 862 quae
205 776 237 838 in
261 774 408 840 Ecclesia
433 775 585 840 universa
609 774 672 838 iam
696 782 766 837 tum
788 772 972 853 obtinebat,
997 794 1073 839 cum

96 887 191 944 ortus
215 879 396 944 sanctitate.
415 879 538 957 Quidni
554 879 658 965 igitur
673 860 759 943 idcni
774 877 880 944 valeat
903 899 1073 964 argumen-

96 982 342 1047 ccclebratioue
363 983 590 1069 Conceptionis
615 991 743 1047 sauctae
754 982 815 1047 Dei
829 983 1005 1047 Genitricis
1021 982 1076 1048 de·
1138 971 1294 1095 ῙΙᾙἭ

96 1109 162 1164 urn,
176 1108 274 1173 quam
291 1089 443 1154 universa
460 1088 584 1174 aliquot
605 1087 720 1153 abhinc
746 1086 864 1181 seculis
888 1086 1076 1174 lrequentat
1140 1113 1294 1176 adproban-

98 1191 130 1255 ia
149 1199 238 1255 tanto
254 1192 383 1278 pietatis
400 1214 510 1271 sensu,
528 1191 569 1256 ad
580 1192 726 1257 eiusdem
739 1199 912 1278 conceptus
926 1191 1078 1256 sanctita-
1140 1185 1201 1236 ‘¹⁰⁰¹
1219 1181 1296 1233 h⁸b⁰²

98 1290 365 1360 natabiliendaml
378 1289 484 1373 Quid?
497 1294 586 1382 quod
597 1296 647 1362 vel
659 1295 728 1381 ipse
741 1295 947 1382 vasquezius
958 1293 1019 1357 bac
1031 1292 1077 1358 le·

96 1397 233 1463 ebritate
247 1400 355 1464 utitur
369 1399 408 1464 ad
421 1400 661 1465 immaculatam
674 1403 711 1465 B.
730 1401 876 1484 Virginis
889 1398 1079 1484 Conceptio-

96 1503 348 1589 impugnandam
373 1503 426 1592 (⁸2).
459 1505 554 1571 Certe
585 1505 650 1569 nisi
677 1504 825 1570 Ecclesia
853 1504 903 1569 uti
929 1510 1081 1567 sanctum

96 1615 121 1672 et
145 1607 306 1673 eiusmodi
332 1616 542 1697 conceptum,
567 1628 744 1695 numquam
768 1607 888 1673 festum
911 1607 970 1672 boc
998 1606 1081 1672 cole·

96 1756 110 1788 .‚
136 1709 235 1775 immo
251 1732 327 1775 vero
350 1733 409 1776 nec
425 1722 533 1776 ratum
551 1711 697 1790 haberet,
714 1712 743 1775 si
759 1709 882 1776 alicubi
904 1709 1079 1774 coleretur.

96 1815 196 1880 uioris
212 1824 321 1880 autem
337 1823 370 1881 ct
387 1818 549 1903 sequioris
569 1817 640 1882 aevi
656 1816 803 1882 Ecclesia
822 1838 887 1880 una
903 1813 1081 1900 cademque

96 1930 186 2007 itque
211 1920 251 1987 ab
274 1922 387 1988 eotlem
410 1924 471 1988 Dei
490 1923 617 2009 Spiritu
642 1944 679 1987 ae
702 1923 836 1987 numine
871 1925 1081 2006 quocumque

96 2025 282 2090 illustratur
317 2048 353 2091 ac
377 2027 527 2112 regitur,
552 2025 632 2090 adeo
657 2035 693 2091 ut
728 2048 792 2113 pro,
816 2024 983 2091 catholicis
1019 2043 1084 2089 non

96 2132 120 2195 is
156 2129 261 2211 modo,
286 2131 343 2197 sed
367 2133 526 2199 iniuriosa
551 2129 644 2217 plane
675 2129 837 2196 eiusmodi
860 2137 946 2195 esset
969 2126 1084 2194 distin·

96 2232 137 2320 a).

96 2446 162 2496 ibt}
183 2435 301 2509 cap-12.
321 2445 393 2496 inter
415 2458 475 2511 opor
495 2458 518 2496 r.
566 2449 679 2498 rancum
690 2443 779 2512 luisse,
788 2445 881 2510 disput.
894 2434 1084 2508 titania

105 2530 172 2582 edit.
190 2529 309 2582 Ballerin.
332 2531 426 2581 venet.
445 2524 516 2584 1756
562 2530 678 2596 professo
696 2531 911 2598 confirmavimus,
929 2543 982 2580 non
1000 2529 1083 2580 solum

104 2616 159 2666 ool.
171 2609 230 2668 185:
240 2615 272 2665 de
285 2616 360 2666 huius
372 2616 456 2681 operis
468 2629 516 2665 au·
563 2617 917 2668 multorumscholasticorum
923 2615 1086 2682 auctoritate,

96 2701 169 2752 unser
181 2701 282 2752 dissert.
290 2701 316 2751 11
336 2702 396 2751 ibid.
406 2702 456 2752 col.
466 2696 519 2754 615
566 2703 611 2753 aed
629 2703 705 2753 etiam
714 2703 861 2753 testimonio
879 2701 1002 2754 Bernardi
1022 2705 1048 2750 et
1059 2700 1087 2749 l-

565 2788 696 2851 ‹lelpbonsi
707 2787 799 2855 nostri,
808 2793 834 2839 et
845 2788 944 2838 ratione
955 2786 1088 2837 maniiesta

97 2870 178 2922 tenim
189 2871 347 2934 vasquezius
357 2876 419 2922 tom.
428 2872 454 2920 11
464 2866 518 2924 inb
564 2887 615 2938 qua
626 2874 707 2923 utitur
713 2873 906 2937 idelphonsus».
916 2874 1035 2939 nemum,
1040 2860 1088 2923 ¹cc-

99 2954 214 3004 Thomae
223 2949 347 3016 disp-ill
361 2955 396 3004 sio
408 2955 520 3019 caputii
567 2956 629 3006 teris
644 2955 752 3021 omissis,
761 2955 837 3005 solvit
849 2953 1022 3018 dillicultatcs,
1031 2954 1087 3018 qui·
1127 3018 1130 3026 Ι

98 3039 117 3088 it
129 3053 135 3087 :
150 3035 262 3090 Ratione
274 3035 356 3092 ducto
368 3052 403 3090 aa
414 3035 524 3091 celebri·
569 3040 616 3090 bus
626 3039 763 3090 adversarii
774 3040 897 3090 eiusmodi
911 3042 1090 3104 argumentum

96 3125 103 3174 t
131 3122 198 3188 secto
231 3119 437 3192 conceptionis,
456 3121 528 3176 itiam
573 3123 1094 3192 eluderesatagebanqsnibensnflocar-

96 3207 160 3276 itur,
186 3208 361 3271 praeservatio
379 3209 475 3260 seilicet
493 3209 523 3259 B·
570 3214 693 3274 gumento
704 3211 769 3260 maie
779 3213 933 3273 torquentur
942 3207 1092 3274 adversarii,

96 3295 138 3345 isa
150 3298 256 3358 peccato
269 3294 395 3357 originali.
408 3295 497 3345 tuboe
509 3296 527 3345 i·
573 3296 700 3359 variisque
712 3295 794 3346 modis
806 3295 869 3346 illud
879 3296 1018 3348 dissolvere
1029 3307 1093 3345 con·

96 3382 176 3443 capite
186 3380 344 3444 vasquezius
362 3381 471 3443 primum
483 3380 530 3430 arl-
576 3381 720 3432 tendunt«.

98 3464 251 3514 auctoritate
269 3464 334 3514 sixti
353 3466 389 3513 lv
402 3464 525 3515 inConst.
611 3459 647 3529 tit
665 3463 797 3514 Eiusmodi
814 3464 882 3514 enim
899 3469 938 3515 est
956 3461 1097 3531 distinctio,

96 3543 239 3615 praecelso,
257 3561 345 3597 omnes
357 3547 445 3598 lideles
460 3546 527 3598 invi·
573 3561 650 3612 quam
660 3547 813 3599 invexerunt
823 3548 943 3599 baeretici
953 3546 1095 3612 quavisac·

96 3632 165 3683 bisse
184 3633 216 3683 ad
234 3633 432 3684 celebrationem
452 3634 528 3685 buius
574 3633 687 3701 tate7qui
697 3637 725 3683 ut
739 3647 766 3684 se
775 3633 985 3684 subducerentab
995 3630 1097 3683 anatha·

96 3724 110 3769 t
118 3720 254 3781 largitione
264 3719 479 3782 indulgentiarum
488 3722 527 3771 al·
573 3725 651 3788 mate,
669 3733 722 3784 quo
733 3733 778 3771 eos
796 3719 961 3773 confodiebat
972 3717 1097 3784 Ecclesia,

96 3821 100 3867 ;
117 3804 149 3852 ab
168 3802 315 3854 Alexandro
327 3804 449 3871 V1‚Iulio
462 3805 487 3854 11
500 3809 528 3857 ct
574 3808 722 3858 constanter
742 3805 775 3855 ad
797 3803 937 3854 Ecclesiam
961 3801 1099 3864 superioris

109 3889 131 3938 11
144 3887 323 3938 confirmatum
333 3887 455 3940 Ordinem
465 3890 528 3941 reli·
573 3889 631 3942 aeri
641 3904 668 3950 se
685 3887 953 3953 receperuntadeindc
964 3887 1033 3937 illam
1045 3885 1099 3937 lan·

96 3988 110 4023 u
131 3972 279 4022 monialium
292 3973 339 4022 sub
352 3975 428 4025 titulo
440 3975 530 4025 imma·
576 3975 671 4026 seniani
683 3976 800 4026 eamdem
818 3974 851 4024 ob
864 3986 964 4022 causam
974 3971 1098 4022 instaura.

97 4071 112 4107 e
131 4055 530 4122 conceptionis3deiudeiniert:
578 4064 649 4126 runt,
661 4061 722 4124 quin
739 4062 903 4111 adverterent
922 4055 1046 4107 eiusmodi
1064 4054 1104 4104 di-

97 4144 208 4191 oautem
220 4151 254 4188 ex
267 4140 438 4196 celebratione
451 4144 532 4193 alicu·
580 4141 741 4195 stinctionem
750 4155 806 4193 esse
814 4140 1015 4206 absurdamimo
1024 4142 1050 4190 et
1058 4137 1103 4187 im·

96 4227 110 4278 ti
124 4225 153 4276 in
169 4223 281 4276 Ecclesia
293 4230 364 4278 rcote
377 4228 462 4293 colligi
479 4241 536 4280 cam
582 4229 658 4294 piam:
677 4227 750 4295 quasi
761 4240 853 4291 namne
864 4226 980 4282 Christus
996 4221 1105 4288 promti.-
