<?xml version="1.0" encoding="UTF-8"?>
<!DOCTYPE html PUBLIC "-//W3C//DTD XHTML 1.0 Transitional//EN"
    "http://www.w3.org/TR/xhtml1/DTD/xhtml1-transitional.dtd">
<html xmlns="http://www.w3.org/1999/xhtml" xml:lang="en" lang="en">
 <head>
  <title>
</title>
<meta http-equiv="Content-Type" content="text/html;charset=utf-8" />
  <meta name='ocr-system' content='tesseract 3.04.00' />
  <meta name='ocr-capabilities' content='ocr_page ocr_carea ocr_par ocr_line ocrx_word'/>
</head>
<body>
  <div class='ocr_page' id='page_1' title='image "./deimmaculatobvm00perrgoog_0110.png"; bbox 0 0 2828 4904; ppageno 0'>
   <div class='ocr_carea' id='block_1_1' title="bbox 95 417 1053 2068">
    <p class='ocr_par' dir='ltr' id='par_1_1' title="bbox 96 417 1051 1139">
     <span class='ocr_line' id='line_1_1' title="bbox 96 417 1050 508; baseline -0.015 -11"><span class='ocrx_word' id='word_1_1' title='bbox 96 432 172 498; x_wconf 82' lang='lat' dir='ltr'>rbis</span> <span class='ocrx_word' id='word_1_2' title='bbox 196 430 234 493; x_wconf 87' lang='lat' dir='ltr'>de</span> <span class='ocrx_word' id='word_1_3' title='bbox 257 429 537 500; x_wconf 73' lang='lat' dir='ltr'>demaenetum,</span> <span class='ocrx_word' id='word_1_4' title='bbox 555 439 652 508; x_wconf 90' lang='lat' dir='ltr'>quum</span> <span class='ocrx_word' id='word_1_5' title='bbox 674 418 713 483; x_wconf 90' lang='lat' dir='ltr'>de</span> <span class='ocrx_word' id='word_1_6' title='bbox 732 419 767 484; x_wconf 83' lang='lat' dir='ltr'>B.</span> <span class='ocrx_word' id='word_1_7' title='bbox 786 417 919 505; x_wconf 79' lang='lat' dir='ltr'>Virgine</span> <span class='ocrx_word' id='word_1_8' title='bbox 944 418 1050 507; x_wconf 74' lang='lat' dir='ltr'>potius</span> 
     </span>
     <span class='ocr_line' id='line_1_2' title="bbox 96 523 1051 621; baseline -0.015 -20"><span class='ocrx_word' id='word_1_9' title='bbox 96 559 108 602; x_wconf 85' lang='lat' dir='ltr'>s</span> <span class='ocrx_word' id='word_1_10' title='bbox 126 536 171 600; x_wconf 90' lang='lat' dir='ltr'>sit</span> <span class='ocrx_word' id='word_1_11' title='bbox 194 533 246 621; x_wconf 74' lang='grc'><strong>111.</strong></span> <span class='ocrx_word' id='word_1_12' title='bbox 264 529 356 610; x_wconf 84' lang='lat' dir='ltr'>Quod</span> <span class='ocrx_word' id='word_1_13' title='bbox 374 549 448 592; x_wconf 82' lang='lat' dir='ltr'>vero</span> <span class='ocrx_word' id='word_1_14' title='bbox 464 527 504 590; x_wconf 89' lang='lat' dir='ltr'>ad</span> <span class='ocrx_word' id='word_1_15' title='bbox 520 526 655 589; x_wconf 90' lang='lat' dir='ltr'>aiterum</span> <span class='ocrx_word' id='word_1_16' title='bbox 672 523 846 608; x_wconf 77' lang='lat' dir='ltr'>Augustini</span> <span class='ocrx_word' id='word_1_17' title='bbox 870 530 1051 588; x_wconf 85' lang='lat' dir='ltr'>textumnt-</span> 
     </span>
     <span class='ocr_line' id='line_1_3' title="bbox 96 627 1051 708; baseline -0.016 -1"><span class='ocrx_word' id='word_1_18' title='bbox 96 643 206 708; x_wconf 84' lang='lat' dir='ltr'>cianus</span> <span class='ocrx_word' id='word_1_19' title='bbox 221 644 270 705; x_wconf 89' lang='lat' dir='ltr'>est</span> <span class='ocrx_word' id='word_1_20' title='bbox 292 637 362 699; x_wconf 87' lang='lat' dir='ltr'>eius</span> <span class='ocrx_word' id='word_1_21' title='bbox 386 654 509 697; x_wconf 82' lang='lat' dir='ltr'>sensus.</span> <span class='ocrx_word' id='word_1_22' title='bbox 529 631 637 694; x_wconf 90' lang='lat' dir='ltr'>innuit</span> <span class='ocrx_word' id='word_1_23' title='bbox 656 629 741 691; x_wconf 90' lang='lat' dir='ltr'>enim</span> <span class='ocrx_word' id='word_1_24' title='bbox 758 627 921 691; x_wconf 81' lang='lat' dir='ltr'><strong>Christum</strong></span> <span class='ocrx_word' id='word_1_25' title='bbox 938 648 1051 692; x_wconf 89' lang='lat' dir='ltr'>secun·</span> 
     </span>
     <span class='ocr_line' id='line_1_4' title="bbox 96 714 1049 821; baseline -0.017 -9"><span class='ocrx_word' id='word_1_26' title='bbox 96 714 211 811; x_wconf 22' lang='lat' dir='ltr'>iernem</span> <span class='ocrx_word' id='word_1_27' title='bbox 232 764 273 807; x_wconf 84' lang='lat' dir='ltr'>ex</span> <span class='ocrx_word' id='word_1_28' title='bbox 288 739 467 804; x_wconf 79' lang='lat' dir='ltr'>Abrahamo</span> <span class='ocrx_word' id='word_1_29' title='bbox 491 756 547 821; x_wconf 87' lang='lat' dir='ltr'>per</span> <span class='ocrx_word' id='word_1_30' title='bbox 563 735 633 799; x_wconf 89' lang='lat' dir='ltr'>eius</span> <span class='ocrx_word' id='word_1_31' title='bbox 658 732 739 797; x_wconf 86' lang='lat' dir='ltr'>iiiios</span> <span class='ocrx_word' id='word_1_32' title='bbox 763 731 902 797; x_wconf 81' lang='lat' dir='ltr'>naturali</span> <span class='ocrx_word' id='word_1_33' title='bbox 924 731 1049 796; x_wconf 89' lang='lat' dir='ltr'>ratione</span> 
     </span>
     <span class='ocr_line' id='line_1_5' title="bbox 96 835 1050 931; baseline -0.016 -17"><span class='ocrx_word' id='word_1_34' title='bbox 96 857 149 919; x_wconf 79' lang='lat' dir='ltr'>ios</span> <span class='ocrx_word' id='word_1_35' title='bbox 172 867 276 931; x_wconf 89' lang='lat' dir='ltr'>usque</span> <span class='ocrx_word' id='word_1_36' title='bbox 299 842 339 907; x_wconf 89' lang='lat' dir='ltr'>ad</span> <span class='ocrx_word' id='word_1_37' title='bbox 357 844 392 906; x_wconf 87' lang='lat' dir='ltr'>B.</span> <span class='ocrx_word' id='word_1_38' title='bbox 405 840 571 924; x_wconf 85' lang='lat' dir='ltr'>Virginem</span> <span class='ocrx_word' id='word_1_39' title='bbox 594 835 807 913; x_wconf 80' lang='lat' dir='ltr'><strong>descendisse,</strong></span> <span class='ocrx_word' id='word_1_40' title='bbox 830 857 871 898; x_wconf 82' lang='lat' dir='ltr'>ex</span> <span class='ocrx_word' id='word_1_41' title='bbox 894 856 959 920; x_wconf 88' lang='lat' dir='ltr'>qna</span> <span class='ocrx_word' id='word_1_42' title='bbox 981 835 1050 920; x_wconf 88' lang='lat' dir='ltr'>ipse</span> 
     </span>
     <span class='ocr_line' id='line_1_6' title="bbox 96 936 1051 1036; baseline -0.016 -20"><span class='ocrx_word' id='word_1_43' title='bbox 96 952 148 1016; x_wconf 81' lang='lat' dir='ltr'>riri</span> <span class='ocrx_word' id='word_1_44' title='bbox 168 970 265 1036; x_wconf 87' lang='lat' dir='ltr'>opere</span> <span class='ocrx_word' id='word_1_45' title='bbox 277 943 491 1011; x_wconf 77' lang='lat' dir='ltr'>intercedente</span> <span class='ocrx_word' id='word_1_46' title='bbox 508 941 634 1026; x_wconf 85' lang='lat' dir='ltr'>genitus</span> <span class='ocrx_word' id='word_1_47' title='bbox 649 948 716 1004; x_wconf 87' lang='lat' dir='ltr'>est:</span> <span class='ocrx_word' id='word_1_48' title='bbox 735 939 768 1003; x_wconf 93' lang='lat' dir='ltr'>in</span> <span class='ocrx_word' id='word_1_49' title='bbox 783 959 848 1024; x_wconf 92' lang='lat' dir='ltr'>quo</span> <span class='ocrx_word' id='word_1_50' title='bbox 864 936 993 1024; x_wconf 90' lang='lat' dir='ltr'>quidem</span> <span class='ocrx_word' id='word_1_51' title='bbox 1005 936 1051 1002; x_wconf 91' lang='lat' dir='ltr'>nii</span> 
     </span>
     <span class='ocr_line' id='line_1_7' title="bbox 96 1042 639 1139; baseline -0.024 -19"><span class='ocrx_word' id='word_1_52' title='bbox 96 1054 132 1120; x_wconf 76' lang='lat' dir='ltr'>nd</span> <span class='ocrx_word' id='word_1_53' title='bbox 155 1053 227 1139; x_wconf 90' lang='lat' dir='ltr'>piae</span> <span class='ocrx_word' id='word_1_54' title='bbox 250 1048 423 1115; x_wconf 87' lang='lat' dir='ltr'>sententiae</span> <span class='ocrx_word' id='word_1_55' title='bbox 447 1042 639 1129; x_wconf 75' lang='lat' dir='ltr'>refragetur.</span> 
     </span>
    </p>

    <p class='ocr_par' dir='ltr' id='par_1_2' title="bbox 95 1147 1053 2068">
     <span class='ocr_line' id='line_1_8' title="bbox 95 1147 1051 1239; baseline -0.018 -16"><span class='ocrx_word' id='word_1_56' title='bbox 95 1153 280 1224; x_wconf 77' lang='lat' dir='ltr'>abducendi</span> <span class='ocrx_word' id='word_1_57' title='bbox 303 1159 468 1239; x_wconf 86' lang='lat' dir='ltr'>praeterea</span> <span class='ocrx_word' id='word_1_58' title='bbox 489 1169 584 1213; x_wconf 83' lang='lat' dir='ltr'>exeo</span> <span class='ocrx_word' id='word_1_59' title='bbox 607 1166 740 1212; x_wconf 88' lang='lat' dir='ltr'>numero</span> <span class='ocrx_word' id='word_1_60' title='bbox 756 1165 820 1209; x_wconf 89' lang='lat' dir='ltr'>nne</span> <span class='ocrx_word' id='word_1_61' title='bbox 843 1164 917 1208; x_wconf 92' lang='lat' dir='ltr'>cum</span> <span class='ocrx_word' id='word_1_62' title='bbox 939 1147 1051 1228; x_wconf 78' lang='lat' dir='ltr'>Augu-</span> 
     </span>
     <span class='ocr_line' id='line_1_9' title="bbox 95 1248 1051 1341; baseline -0.017 -15"><span class='ocrx_word' id='word_1_63' title='bbox 95 1264 104 1326; x_wconf 96' lang='lat' dir='ltr'>i</span> <span class='ocrx_word' id='word_1_64' title='bbox 122 1268 199 1326; x_wconf 90' lang='lat' dir='ltr'>sunt</span> <span class='ocrx_word' id='word_1_65' title='bbox 218 1261 338 1334; x_wconf 84' lang='lat' dir='ltr'>Patres,</span> <span class='ocrx_word' id='word_1_66' title='bbox 355 1255 410 1341; x_wconf 85' lang='lat' dir='ltr'>qui</span> <span class='ocrx_word' id='word_1_67' title='bbox 429 1252 607 1318; x_wconf 90' lang='lat' dir='ltr'>docueruut</span> <span class='ocrx_word' id='word_1_68' title='bbox 620 1271 746 1315; x_wconf 92' lang='lat' dir='ltr'>carnem</span> <span class='ocrx_word' id='word_1_69' title='bbox 761 1248 905 1334; x_wconf 77' lang='lat' dir='ltr'>Virginis</span> <span class='ocrx_word' id='word_1_70' title='bbox 928 1268 1051 1312; x_wconf 82' lang='lat' dir='ltr'>caraem</span> 
     </span>
     <span class='ocr_line' id='line_1_10' title="bbox 96 1347 1051 1443; baseline -0.016 -15"><span class='ocrx_word' id='word_1_71' title='bbox 96 1368 203 1428; x_wconf 76' lang='lat' dir='ltr'>secati.</span> <span class='ocrx_word' id='word_1_72' title='bbox 220 1362 285 1424; x_wconf 86' lang='lat' dir='ltr'>Hac</span> <span class='ocrx_word' id='word_1_73' title='bbox 308 1359 392 1423; x_wconf 87' lang='lat' dir='ltr'>euim</span> <span class='ocrx_word' id='word_1_74' title='bbox 407 1356 516 1443; x_wconf 84' lang='lat' dir='ltr'>phrasi</span> <span class='ocrx_word' id='word_1_75' title='bbox 539 1353 618 1419; x_wconf 88' lang='lat' dir='ltr'>nihil</span> <span class='ocrx_word' id='word_1_76' title='bbox 634 1352 723 1417; x_wconf 90' lang='lat' dir='ltr'>alind</span> <span class='ocrx_word' id='word_1_77' title='bbox 738 1355 859 1430; x_wconf 86' lang='lat' dir='ltr'>Patres,</span> <span class='ocrx_word' id='word_1_78' title='bbox 877 1347 1051 1436; x_wconf 85' lang='lat' dir='ltr'>dequibus</span> 
     </span>
     <span class='ocr_line' id='line_1_11' title="bbox 96 1456 1052 1550; baseline -0.015 -18"><span class='ocrx_word' id='word_1_79' title='bbox 96 1491 118 1544; x_wconf 80' lang='lat' dir='ltr'>s,</span> <span class='ocrx_word' id='word_1_80' title='bbox 133 1463 346 1550; x_wconf 81' lang='lat' dir='ltr'>significatum</span> <span class='ocrx_word' id='word_1_81' title='bbox 361 1460 502 1536; x_wconf 80' lang='lat' dir='ltr'>voluere,</span> <span class='ocrx_word' id='word_1_82' title='bbox 515 1478 610 1546; x_wconf 90' lang='lat' dir='ltr'>qnam</span> <span class='ocrx_word' id='word_1_83' title='bbox 624 1456 810 1542; x_wconf 85' lang='lat' dir='ltr'>B.Virginis</span> <span class='ocrx_word' id='word_1_84' title='bbox 827 1474 1052 1520; x_wconf 86' lang='lat' dir='ltr'>earnemeom-</span> 
     </span>
     <span class='ocr_line' id='line_1_12' title="bbox 96 1558 1053 1652; baseline -0.014 -18"><span class='ocrx_word' id='word_1_85' title='bbox 96 1571 221 1635; x_wconf 90' lang='lat' dir='ltr'>ratione</span> <span class='ocrx_word' id='word_1_86' title='bbox 243 1567 438 1652; x_wconf 83' lang='lat' dir='ltr'>progenitam</span> <span class='ocrx_word' id='word_1_87' title='bbox 460 1561 571 1627; x_wconf 80' lang='lat' dir='ltr'>fuisse:</span> <span class='ocrx_word' id='word_1_88' title='bbox 595 1583 692 1649; x_wconf 92' lang='lat' dir='ltr'>porro</span> <span class='ocrx_word' id='word_1_89' title='bbox 714 1582 790 1627; x_wconf 89' lang='lat' dir='ltr'>cero</span> <span class='ocrx_word' id='word_1_90' title='bbox 805 1581 869 1626; x_wconf 92' lang='lat' dir='ltr'>non</span> <span class='ocrx_word' id='word_1_91' title='bbox 884 1558 1053 1625; x_wconf 86' lang='lat' dir='ltr'>constituit</span> 
     </span>
     <span class='ocr_line' id='line_1_13' title="bbox 97 1664 1052 1759; baseline -0.012 -21"><span class='ocrx_word' id='word_1_92' title='bbox 97 1696 151 1739; x_wconf 87' lang='lat' dir='ltr'>am</span> <span class='ocrx_word' id='word_1_93' title='bbox 176 1692 351 1759; x_wconf 82' lang='lat' dir='ltr'>personam,</span> <span class='ocrx_word' id='word_1_94' title='bbox 369 1690 472 1754; x_wconf 89' lang='lat' dir='ltr'>neque</span> <span class='ocrx_word' id='word_1_95' title='bbox 489 1667 671 1732; x_wconf 91' lang='lat' dir='ltr'>subiectum</span> <span class='ocrx_word' id='word_1_96' title='bbox 693 1671 889 1752; x_wconf 86' lang='lat' dir='ltr'>potestesse</span> <span class='ocrx_word' id='word_1_97' title='bbox 910 1664 1052 1748; x_wconf 71' lang='lat' dir='ltr'>formatis</span> 
     </span>
     <span class='ocr_line' id='line_1_14' title="bbox 96 1767 1052 1861; baseline -0.012 -19"><span class='ocrx_word' id='word_1_98' title='bbox 96 1783 197 1842; x_wconf 56' lang='lat' dir='ltr'>&#39;ocant</span> <span class='ocrx_word' id='word_1_99' title='bbox 213 1774 344 1861; x_wconf 82' lang='lat' dir='ltr'>peccati,</span> <span class='ocrx_word' id='word_1_100' title='bbox 357 1793 430 1836; x_wconf 92' lang='lat' dir='ltr'>cum</span> <span class='ocrx_word' id='word_1_101' title='bbox 442 1793 515 1836; x_wconf 89' lang='lat' dir='ltr'>caro</span> <span class='ocrx_word' id='word_1_102' title='bbox 531 1771 564 1835; x_wconf 93' lang='lat' dir='ltr'>in</span> <span class='ocrx_word' id='word_1_103' title='bbox 576 1791 610 1834; x_wconf 92' lang='lat' dir='ltr'>se</span> <span class='ocrx_word' id='word_1_104' title='bbox 625 1791 661 1835; x_wconf 88' lang='lat' dir='ltr'>ac</span> <span class='ocrx_word' id='word_1_105' title='bbox 677 1791 734 1856; x_wconf 88' lang='lat' dir='ltr'>per</span> <span class='ocrx_word' id='word_1_106' title='bbox 750 1789 785 1833; x_wconf 90' lang='lat' dir='ltr'>se</span> <span class='ocrx_word' id='word_1_107' title='bbox 800 1767 896 1833; x_wconf 89' lang='lat' dir='ltr'>unice</span> <span class='ocrx_word' id='word_1_108' title='bbox 912 1772 1052 1854; x_wconf 84' lang='lat' dir='ltr'>spectate</span> 
     </span>
     <span class='ocr_line' id='line_1_15' title="bbox 98 1874 1053 1963; baseline -0.013 -16"><span class='ocrx_word' id='word_1_109' title='bbox 98 1879 248 1947; x_wconf 88' lang='lat' dir='ltr'>iustitiae</span> <span class='ocrx_word' id='word_1_110' title='bbox 260 1899 361 1963; x_wconf 91' lang='lat' dir='ltr'>neque</span> <span class='ocrx_word' id='word_1_111' title='bbox 378 1875 555 1940; x_wconf 88' lang='lat' dir='ltr'>iniustitiae</span> <span class='ocrx_word' id='word_1_112' title='bbox 572 1874 613 1937; x_wconf 92' lang='lat' dir='ltr'>sit</span> <span class='ocrx_word' id='word_1_113' title='bbox 628 1895 738 1959; x_wconf 82' lang='lat' dir='ltr'>capax,</span> <span class='ocrx_word' id='word_1_114' title='bbox 753 1874 1053 1957; x_wconf 88' lang='lat' dir='ltr'>utiargumentatur</span> 
     </span>
     <span class='ocr_line' id='line_1_16' title="bbox 96 1973 1052 2068; baseline -0.007 -21"><span class='ocrx_word' id='word_1_115' title='bbox 96 1980 462 2068; x_wconf 62' lang='lat' dir='ltr'>dmusrd).Queproptcr</span> <span class='ocrx_word' id='word_1_116' title='bbox 486 1980 521 2042; x_wconf 91' lang='grc' dir='ltr'>Β.</span> <span class='ocrx_word' id='word_1_117' title='bbox 546 1976 690 2062; x_wconf 77' lang='lat' dir='ltr'>Virginis</span> <span class='ocrx_word' id='word_1_118' title='bbox 722 1998 796 2042; x_wconf 88' lang='lat' dir='ltr'>caro</span> <span class='ocrx_word' id='word_1_119' title='bbox 818 1997 894 2042; x_wconf 89' lang='lat' dir='ltr'>vere</span> <span class='ocrx_word' id='word_1_120' title='bbox 916 1973 981 2041; x_wconf 93' lang='lat' dir='ltr'>dici</span> <span class='ocrx_word' id='word_1_121' title='bbox 997 1994 1052 2061; x_wconf 88' lang='lat' dir='ltr'>po·</span> 
     </span>
    </p>
   </div>
   <div class='ocr_carea' id='block_1_2' title="bbox 96 2153 1049 4256">
    <p class='ocr_par' dir='ltr' id='par_1_3' title="bbox 96 2153 1049 2902">
     <span class='ocr_line' id='line_1_17' title="bbox 96 2153 1047 2228; baseline -0.013 -14"><span class='ocrx_word' id='word_1_122' title='bbox 96 2165 184 2228; x_wconf 81' lang='lat' dir='ltr'>posite</span> <span class='ocrx_word' id='word_1_123' title='bbox 203 2162 320 2225; x_wconf 70' lang='lat' dir='ltr'>vesques</span> <span class='ocrx_word' id='word_1_124' title='bbox 333 2160 365 2210; x_wconf 89' lang='lat' dir='ltr'>de</span> <span class='ocrx_word' id='word_1_125' title='bbox 387 2158 486 2208; x_wconf 84' lang='lat' dir='ltr'>Christo</span> <span class='ocrx_word' id='word_1_126' title='bbox 539 2161 640 2219; x_wconf 76' lang='lat' dir='ltr'>geretur</span> <span class='ocrx_word' id='word_1_127' title='bbox 659 2153 816 2219; x_wconf 75' lang='lat' dir='ltr'>Augustinus</span> <span class='ocrx_word' id='word_1_128' title='bbox 828 2160 872 2205; x_wconf 81' lang='lat' dir='ltr'>eut</span> <span class='ocrx_word' id='word_1_129' title='bbox 889 2156 921 2206; x_wconf 89' lang='lat' dir='ltr'>de</span> <span class='ocrx_word' id='word_1_130' title='bbox 933 2168 1047 2220; x_wconf 82' lang='lat' dir='ltr'>praescr·</span> 
     </span>
     <span class='ocr_line' id='line_1_18' title="bbox 96 2239 1049 2306; baseline -0.006 -10"><span class='ocrx_word' id='word_1_131' title='bbox 96 2262 147 2299; x_wconf 90' lang='lat' dir='ltr'>ern.</span> <span class='ocrx_word' id='word_1_132' title='bbox 167 2247 201 2296; x_wconf 85' lang='grc' dir='ltr'>Π.</span> <span class='ocrx_word' id='word_1_133' title='bbox 216 2245 240 2294; x_wconf 91' lang='lat' dir='ltr'>in</span> <span class='ocrx_word' id='word_1_134' title='bbox 252 2239 277 2294; x_wconf 83' lang='lat'>3.</span> <span class='ocrx_word' id='word_1_135' title='bbox 295 2259 320 2306; x_wconf 87' lang='lat' dir='ltr'>p.</span> <span class='ocrx_word' id='word_1_136' title='bbox 333 2258 353 2294; x_wconf 87' lang='lat' dir='ltr'>s.</span> <span class='ocrx_word' id='word_1_137' title='bbox 364 2243 411 2292; x_wconf 85' lang='lat' dir='ltr'>Th.</span> <span class='ocrx_word' id='word_1_138' title='bbox 423 2244 486 2305; x_wconf 89' lang='lat' dir='ltr'>disp.</span> <span class='ocrx_word' id='word_1_139' title='bbox 504 2275 509 2285; x_wconf 80' lang='lat'><strong>·</strong></span> <span class='ocrx_word' id='word_1_140' title='bbox 537 2242 655 2297; x_wconf 73' lang='lat' dir='ltr'>ratione,</span> <span class='ocrx_word' id='word_1_141' title='bbox 676 2247 825 2303; x_wconf 79' lang='lat' dir='ltr'>sequeretur</span> <span class='ocrx_word' id='word_1_142' title='bbox 843 2254 874 2290; x_wconf 88' lang='lat' dir='ltr'>ex</span> <span class='ocrx_word' id='word_1_143' title='bbox 892 2241 947 2291; x_wconf 85' lang='lat' dir='ltr'>eius</span> <span class='ocrx_word' id='word_1_144' title='bbox 964 2244 1049 2290; x_wconf 89' lang='lat' dir='ltr'>mente</span> 
     </span>
     <span class='ocr_line' id='line_1_19' title="bbox 96 2319 1049 2397; baseline -0.009 -17"><span class='ocrx_word' id='word_1_145' title='bbox 96 2348 118 2397; x_wconf 88' lang='lat' dir='ltr'>p.</span> <span class='ocrx_word' id='word_1_146' title='bbox 138 2326 181 2380; x_wconf 95' lang='grc'>11.</span> <span class='ocrx_word' id='word_1_147' title='bbox 200 2344 226 2378; x_wconf 90' lang='lat' dir='ltr'>n.</span> <span class='ocrx_word' id='word_1_148' title='bbox 245 2319 302 2377; x_wconf 74' lang='lat'>122.</span> <span class='ocrx_word' id='word_1_149' title='bbox 321 2328 359 2376; x_wconf 89' lang='lat' dir='ltr'>ed.</span> <span class='ocrx_word' id='word_1_150' title='bbox 383 2328 485 2390; x_wconf 84' lang='lat' dir='ltr'>ingelst.</span> <span class='ocrx_word' id='word_1_151' title='bbox 539 2325 698 2388; x_wconf 77' lang='lat' dir='ltr'>B-Virginem</span> <span class='ocrx_word' id='word_1_152' title='bbox 709 2325 1049 2386; x_wconf 81' lang='lat' dir='ltr'>mundatemtentnmapee·</span> 
     </span>
     <span class='ocr_line' id='line_1_20' title="bbox 96 2406 1046 2474; baseline -0.009 -10"><span class='ocrx_word' id='word_1_153' title='bbox 96 2407 159 2464; x_wconf 70' lang='lat'>‚42</span> <span class='ocrx_word' id='word_1_154' title='bbox 183 2432 194 2456; x_wconf 71' lang='lat' dir='ltr'>s</span> <span class='ocrx_word' id='word_1_155' title='bbox 214 2412 286 2474; x_wconf 87' lang='lat' dir='ltr'>Quod</span> <span class='ocrx_word' id='word_1_156' title='bbox 306 2417 388 2461; x_wconf 84' lang='lat' dir='ltr'>tamen</span> <span class='ocrx_word' id='word_1_157' title='bbox 406 2411 486 2474; x_wconf 80' lang='lat' dir='ltr'>inqirit</span> <span class='ocrx_word' id='word_1_158' title='bbox 538 2414 595 2460; x_wconf 85' lang='lat' dir='ltr'>cato</span> <span class='ocrx_word' id='word_1_159' title='bbox 607 2409 683 2459; x_wconf 73' lang='lat' dir='ltr'>scrisse</span> <span class='ocrx_word' id='word_1_160' title='bbox 702 2409 742 2459; x_wconf 86' lang='lat' dir='ltr'>rei</span> <span class='ocrx_word' id='word_1_161' title='bbox 762 2410 786 2457; x_wconf 91' lang='lat' dir='ltr'>in</span> <span class='ocrx_word' id='word_1_162' title='bbox 804 2410 863 2458; x_wconf 77' lang='lat' dir='ltr'>ectu</span> <span class='ocrx_word' id='word_1_163' title='bbox 881 2408 936 2472; x_wconf 89' lang='lat' dir='ltr'>ipso</span> <span class='ocrx_word' id='word_1_164' title='bbox 953 2406 1046 2456; x_wconf 84' lang='lat' dir='ltr'>Christi</span> 
     </span>
     <span class='ocr_line' id='line_1_21' title="bbox 96 2491 1045 2563; baseline -0.008 -13"><span class='ocrx_word' id='word_1_165' title='bbox 96 2502 162 2562; x_wconf 81' lang='lat' dir='ltr'>tinus</span> <span class='ocrx_word' id='word_1_166' title='bbox 174 2496 203 2563; x_wconf 74' lang='lat' dir='ltr'>i,</span> <span class='ocrx_word' id='word_1_167' title='bbox 227 2504 273 2548; x_wconf 85' lang='lat' dir='ltr'>aut</span> <span class='ocrx_word' id='word_1_168' title='bbox 294 2492 487 2562; x_wconf 82' lang='lat' dir='ltr'>suscipiendum</span> <span class='ocrx_word' id='word_1_169' title='bbox 539 2495 727 2562; x_wconf 79' lang='lat' dir='ltr'>incarnationis,</span> <span class='ocrx_word' id='word_1_170' title='bbox 748 2495 789 2544; x_wconf 81' lang='lat' dir='ltr'>rei</span> <span class='ocrx_word' id='word_1_171' title='bbox 806 2494 881 2558; x_wconf 86' lang='lat' dir='ltr'>penio</span> <span class='ocrx_word' id='word_1_172' title='bbox 897 2498 963 2542; x_wconf 86' lang='lat' dir='ltr'>ente:</span> <span class='ocrx_word' id='word_1_173' title='bbox 977 2491 1045 2554; x_wconf 82' lang='lat' dir='ltr'>qrrcd</span> 
     </span>
     <span class='ocr_line' id='line_1_22' title="bbox 96 2577 1043 2648; baseline -0.013 -11"><span class='ocrx_word' id='word_1_174' title='bbox 96 2584 122 2637; x_wconf 75' lang='lat' dir='ltr'>a&#39;t</span> <span class='ocrx_word' id='word_1_175' title='bbox 140 2588 187 2635; x_wconf 84' lang='lat' dir='ltr'>aut</span> <span class='ocrx_word' id='word_1_176' title='bbox 199 2577 362 2648; x_wconf 81' lang='lat' dir='ltr'>suscipiendo</span> <span class='ocrx_word' id='word_1_177' title='bbox 378 2577 487 2631; x_wconf 63' lang='lat' dir='ltr'>musida-</span> <span class='ocrx_word' id='word_1_178' title='bbox 539 2579 654 2642; x_wconf 84' lang='lat' dir='ltr'>prctecto</span> <span class='ocrx_word' id='word_1_179' title='bbox 673 2579 807 2630; x_wconf 76' lang='lat' dir='ltr'>adversarii</span> <span class='ocrx_word' id='word_1_180' title='bbox 828 2593 878 2628; x_wconf 88' lang='lat' dir='ltr'>non</span> <span class='ocrx_word' id='word_1_181' title='bbox 899 2578 1043 2628; x_wconf 83' lang='lat' dir='ltr'>admittunt.</span> 
     </span>
     <span class='ocr_line' id='line_1_23' title="bbox 96 2659 1047 2727; baseline -0.008 -8"><span class='ocrx_word' id='word_1_182' title='bbox 96 2673 136 2719; x_wconf 87' lang='lat' dir='ltr'>est</span> <span class='ocrx_word' id='word_1_183' title='bbox 147 2665 344 2727; x_wconf 83' lang='lat' dir='ltr'>intelligendum.</span> <span class='ocrx_word' id='word_1_184' title='bbox 354 2665 420 2726; x_wconf 82' lang='lat' dir='ltr'>quot</span> <span class='ocrx_word' id='word_1_185' title='bbox 434 2665 484 2726; x_wconf 86' lang='lat' dir='ltr'>ipse</span> <span class='ocrx_word' id='word_1_186' title='bbox 537 2663 575 2713; x_wconf 83' lang='lat' dir='ltr'>Ct.</span> <span class='ocrx_word' id='word_1_187' title='bbox 590 2664 650 2713; x_wconf 84' lang='lat' dir='ltr'>ibid.</span> <span class='ocrx_word' id='word_1_188' title='bbox 662 2665 724 2714; x_wconf 82' lang='lat' dir='ltr'>aiios</span> <span class='ocrx_word' id='word_1_189' title='bbox 738 2663 860 2715; x_wconf 87' lang='lat' dir='ltr'>eiusmodi</span> <span class='ocrx_word' id='word_1_190' title='bbox 878 2677 897 2713; x_wconf 85' lang='lat' dir='ltr'>s.</span> <span class='ocrx_word' id='word_1_191' title='bbox 910 2659 1047 2724; x_wconf 72' lang='lat' dir='ltr'>Augustini</span> 
     </span>
     <span class='ocr_line' id='line_1_24' title="bbox 98 2747 1044 2812; baseline -0.001 -12"><span class='ocrx_word' id='word_1_192' title='bbox 98 2765 113 2800; x_wconf 87' lang='lat' dir='ltr'>e</span> <span class='ocrx_word' id='word_1_193' title='bbox 126 2763 171 2800; x_wconf 90' lang='lat' dir='ltr'>sua</span> <span class='ocrx_word' id='word_1_194' title='bbox 181 2748 311 2797; x_wconf 84' lang='lat' dir='ltr'>abstulerit</span> <span class='ocrx_word' id='word_1_195' title='bbox 323 2749 347 2796; x_wconf 87' lang='lat' dir='ltr'>in</span> <span class='ocrx_word' id='word_1_196' title='bbox 358 2760 432 2795; x_wconf 78' lang='lat' dir='ltr'>carne</span> <span class='ocrx_word' id='word_1_197' title='bbox 443 2747 483 2796; x_wconf 85' lang='lat' dir='ltr'>iiie</span> <span class='ocrx_word' id='word_1_198' title='bbox 536 2753 729 2812; x_wconf 83' lang='lat' dir='ltr'>ceterorumque</span> <span class='ocrx_word' id='word_1_199' title='bbox 737 2749 840 2798; x_wconf 87' lang='lat' dir='ltr'>Petrum</span> <span class='ocrx_word' id='word_1_200' title='bbox 850 2749 933 2798; x_wconf 83' lang='lat' dir='ltr'>textus</span> <span class='ocrx_word' id='word_1_201' title='bbox 942 2760 1044 2799; x_wconf 76' lang='lat' dir='ltr'>secure·</span> 
     </span>
     <span class='ocr_line' id='line_1_25' title="bbox 96 2832 914 2902; baseline -0.002 -16"><span class='ocrx_word' id='word_1_202' title='bbox 96 2839 111 2902; x_wconf 79' lang='lat' dir='ltr'>i,</span> <span class='ocrx_word' id='word_1_203' title='bbox 120 2850 195 2900; x_wconf 83' lang='lat' dir='ltr'>quem</span> <span class='ocrx_word' id='word_1_204' title='bbox 205 2835 321 2898; x_wconf 72' lang='lat' dir='ltr'>suscepit,</span> <span class='ocrx_word' id='word_1_205' title='bbox 332 2832 452 2881; x_wconf 71' lang='lat' dir='ltr'>aracusiam</span> <span class='ocrx_word' id='word_1_206' title='bbox 461 2844 484 2882; x_wconf 80' lang='lat' dir='ltr'>a·</span> <span class='ocrx_word' id='word_1_207' title='bbox 540 2839 565 2884; x_wconf 88' lang='lat' dir='ltr'>te</span> <span class='ocrx_word' id='word_1_208' title='bbox 583 2835 708 2896; x_wconf 83' lang='lat' dir='ltr'>expositos</span> <span class='ocrx_word' id='word_1_209' title='bbox 719 2839 745 2883; x_wconf 88' lang='lat' dir='ltr'>et</span> <span class='ocrx_word' id='word_1_210' title='bbox 757 2836 914 2900; x_wconf 78' lang='lat' dir='ltr'>explanatas.</span> 
     </span>
    </p>

    <p class='ocr_par' dir='ltr' id='par_1_4' title="bbox 96 2911 1047 4256">
     <span class='ocr_line' id='line_1_26' title="bbox 96 2911 1045 2985; baseline 0.001 -15"><span class='ocrx_word' id='word_1_211' title='bbox 96 2935 156 2984; x_wconf 73' lang='lat' dir='ltr'>pune</span> <span class='ocrx_word' id='word_1_212' title='bbox 166 2920 348 2983; x_wconf 63' lang='lat' dir='ltr'>praecessisset,</span> <span class='ocrx_word' id='word_1_213' title='bbox 357 2924 400 2965; x_wconf 90' lang='lat' dir='ltr'>aut</span> <span class='ocrx_word' id='word_1_214' title='bbox 412 2919 485 2979; x_wconf 84' lang='lat' dir='ltr'>impe·</span> <span class='ocrx_word' id='word_1_215' title='bbox 572 2952 576 2976; x_wconf 28' lang='grc' dir='ltr'>χ</span> <span class='ocrx_word' id='word_1_216' title='bbox 580 2911 605 2978; x_wconf 72' lang='grc'>21</span> <span class='ocrx_word' id='word_1_217' title='bbox 618 2920 645 2967; x_wconf 92' lang='lat' dir='ltr'>in</span> <span class='ocrx_word' id='word_1_218' title='bbox 655 2919 697 2968; x_wconf 83' lang='lat' dir='ltr'>un.</span> <span class='ocrx_word' id='word_1_219' title='bbox 712 2915 750 2968; x_wconf 74' lang='lat' dir='ltr'>ue</span> <span class='ocrx_word' id='word_1_220' title='bbox 762 2914 895 2985; x_wconf 66' lang='lat' dir='ltr'>eccepto</span> <span class='ocrx_word' id='word_1_221' title='bbox 910 2915 1045 2985; x_wconf 64' lang='lat' dir='ltr'>Virginult&#39;</span> 
     </span>
     <span class='ocr_line' id='line_1_27' title="bbox 96 2999 1041 3071; baseline 0.001 -16"><span class='ocrx_word' id='word_1_222' title='bbox 96 3011 246 3071; x_wconf 65' lang='lat' dir='ltr'>speecatum</span> <span class='ocrx_word' id='word_1_223' title='bbox 255 3010 280 3053; x_wconf 89' lang='lat' dir='ltr'>et</span> <span class='ocrx_word' id='word_1_224' title='bbox 290 3005 411 3052; x_wconf 86' lang='lat' dir='ltr'>macutarn</span> <span class='ocrx_word' id='word_1_225' title='bbox 421 3017 483 3053; x_wconf 88' lang='lat' dir='ltr'>oon·</span> <span class='ocrx_word' id='word_1_226' title='bbox 535 3009 559 3053; x_wconf 83' lang='lat' dir='ltr'>et</span> <span class='ocrx_word' id='word_1_227' title='bbox 570 3008 673 3069; x_wconf 81' lang='lat' dir='ltr'>peccato</span> <span class='ocrx_word' id='word_1_228' title='bbox 691 3003 788 3069; x_wconf 70' lang='lat' dir='ltr'>arigim</span> <span class='ocrx_word' id='word_1_229' title='bbox 808 3017 830 3052; x_wconf 86' lang='lat' dir='ltr'>c.</span> <span class='ocrx_word' id='word_1_230' title='bbox 842 2999 868 3055; x_wconf 78' lang='lat'>3.</span> <span class='ocrx_word' id='word_1_231' title='bbox 880 3006 939 3055; x_wconf 88' lang='lat' dir='ltr'>edit.</span> <span class='ocrx_word' id='word_1_232' title='bbox 958 3006 1002 3054; x_wconf 89' lang='lat' dir='ltr'>cit.</span> <span class='ocrx_word' id='word_1_233' title='bbox 1017 3021 1041 3071; x_wconf 86' lang='lat' dir='ltr'>p.</span> 
     </span>
     <span class='ocr_line' id='line_1_28' title="bbox 96 3083 1040 3154; baseline 0 -14"><span class='ocrx_word' id='word_1_234' title='bbox 96 3126 99 3139; x_wconf 90' lang='lat'><em>.</em></span> <span class='ocrx_word' id='word_1_235' title='bbox 118 3093 182 3140; x_wconf 87' lang='lat' dir='ltr'>Nam</span> <span class='ocrx_word' id='word_1_236' title='bbox 191 3103 248 3138; x_wconf 90' lang='lat' dir='ltr'>cnm</span> <span class='ocrx_word' id='word_1_237' title='bbox 266 3095 401 3151; x_wconf 80' lang='lat' dir='ltr'>conceptus</span> <span class='ocrx_word' id='word_1_238' title='bbox 416 3092 481 3142; x_wconf 85' lang='lat' dir='ltr'>esset</span> <span class='ocrx_word' id='word_1_239' title='bbox 533 3083 575 3137; x_wconf 78' lang='lat'>98.</span> <span class='ocrx_word' id='word_1_240' title='bbox 586 3090 657 3137; x_wconf 84' lang='lat' dir='ltr'>euius</span> <span class='ocrx_word' id='word_1_241' title='bbox 668 3092 742 3138; x_wconf 85' lang='lat' dir='ltr'>verbe</span> <span class='ocrx_word' id='word_1_242' title='bbox 756 3090 817 3139; x_wconf 87' lang='lat' dir='ltr'>haec</span> <span class='ocrx_word' id='word_1_243' title='bbox 829 3095 895 3141; x_wconf 89' lang='lat' dir='ltr'>sunt:</span> <span class='ocrx_word' id='word_1_244' title='bbox 908 3086 1040 3154; x_wconf 81' lang='lat' dir='ltr'>Quoniam</span> 
     </span>
     <span class='ocr_line' id='line_1_29' title="bbox 96 3169 1044 3242; baseline -0.002 -16"><span class='ocrx_word' id='word_1_245' title='bbox 96 3173 481 3240; x_wconf 72' lang='lat' dir='ltr'>ariripeddespirituSaucto⁷</span> <span class='ocrx_word' id='word_1_246' title='bbox 534 3170 666 3224; x_wconf 81' lang='lat' dir='ltr'>iniustitia</span> <span class='ocrx_word' id='word_1_247' title='bbox 682 3187 735 3224; x_wconf 81' lang='lat' dir='ltr'>nee</span> <span class='ocrx_word' id='word_1_248' title='bbox 751 3177 837 3242; x_wconf 84' lang='lat' dir='ltr'>potest</span> <span class='ocrx_word' id='word_1_249' title='bbox 856 3189 910 3226; x_wconf 83' lang='lat' dir='ltr'>esse</span> <span class='ocrx_word' id='word_1_250' title='bbox 927 3172 981 3226; x_wconf 80' lang='lat' dir='ltr'>cisi</span> <span class='ocrx_word' id='word_1_251' title='bbox 996 3169 1044 3226; x_wconf 80' lang='lat' dir='ltr'>ubi</span> 
     </span>
     <span class='ocr_line' id='line_1_30' title="bbox 96 3255 1041 3326; baseline -0.001 -15"><span class='ocrx_word' id='word_1_252' title='bbox 96 3275 109 3310; x_wconf 90' lang='lat' dir='ltr'>n</span> <span class='ocrx_word' id='word_1_253' title='bbox 126 3260 229 3322; x_wconf 73' lang='lat' dir='ltr'>originis</span> <span class='ocrx_word' id='word_1_254' title='bbox 246 3272 295 3308; x_wconf 89' lang='lat' dir='ltr'>non</span> <span class='ocrx_word' id='word_1_255' title='bbox 314 3260 481 3308; x_wconf 78' lang='lat' dir='ltr'>contraheret:</span> <span class='ocrx_word' id='word_1_256' title='bbox 535 3255 638 3310; x_wconf 81' lang='lat' dir='ltr'>iustitie</span> <span class='ocrx_word' id='word_1_257' title='bbox 656 3257 730 3310; x_wconf 82' lang='lat' dir='ltr'>dedet</span> <span class='ocrx_word' id='word_1_258' title='bbox 745 3272 818 3324; x_wconf 59' lang='grc' dir='ltr'>κω</span> <span class='ocrx_word' id='word_1_259' title='bbox 836 3257 969 3325; x_wconf 74' lang='lat' dir='ltr'>oripiacte</span> <span class='ocrx_word' id='word_1_260' title='bbox 984 3271 1041 3326; x_wconf 78' lang='lat' dir='ltr'>pec·</span> 
     </span>
     <span class='ocr_line' id='line_1_31' title="bbox 96 3341 1041 3411; baseline 0.005 -18"><span class='ocrx_word' id='word_1_261' title='bbox 96 3344 200 3394; x_wconf 75' lang='lat' dir='ltr'>troium</span> <span class='ocrx_word' id='word_1_262' title='bbox 218 3344 367 3393; x_wconf 75' lang='lat' dir='ltr'>contrahere</span> <span class='ocrx_word' id='word_1_263' title='bbox 379 3348 484 3407; x_wconf 78' lang='lat' dir='ltr'>possunt</span> <span class='ocrx_word' id='word_1_264' title='bbox 535 3346 622 3395; x_wconf 79' lang='lat' dir='ltr'>ectum</span> <span class='ocrx_word' id='word_1_265' title='bbox 640 3341 711 3411; x_wconf 77' lang='lat' dir='ltr'>quoii</span> <span class='ocrx_word' id='word_1_266' title='bbox 729 3346 767 3396; x_wconf 81' lang='lat' dir='ltr'>eet</span> <span class='ocrx_word' id='word_1_267' title='bbox 780 3341 921 3410; x_wconf 74' lang='lat' dir='ltr'>iniustitia,</span> <span class='ocrx_word' id='word_1_268' title='bbox 938 3348 1041 3398; x_wconf 79' lang='lat' dir='ltr'>nonest</span> 
     </span>
     <span class='ocr_line' id='line_1_32' title="bbox 96 3425 1044 3490; baseline 0.005 -14"><span class='ocrx_word' id='word_1_269' title='bbox 96 3433 159 3478; x_wconf 70' lang='lat' dir='ltr'>intes</span> <span class='ocrx_word' id='word_1_270' title='bbox 168 3441 198 3478; x_wconf 82' lang='lat' dir='ltr'>ex</span> <span class='ocrx_word' id='word_1_271' title='bbox 208 3428 305 3478; x_wconf 78' lang='lat' dir='ltr'>deamo</span> <span class='ocrx_word' id='word_1_272' title='bbox 316 3442 390 3490; x_wconf 80' lang='lat' dir='ltr'>opera</span> <span class='ocrx_word' id='word_1_273' title='bbox 401 3428 483 3478; x_wconf 78' lang='lat' dir='ltr'>viriet</span> <span class='ocrx_word' id='word_1_274' title='bbox 535 3425 587 3478; x_wconf 80' lang='lat' dir='ltr'>nisi</span> <span class='ocrx_word' id='word_1_275' title='bbox 599 3428 626 3479; x_wconf 81' lang='lat' dir='ltr'>ie</span> <span class='ocrx_word' id='word_1_276' title='bbox 636 3429 736 3480; x_wconf 80' lang='lat' dir='ltr'>actoru</span> <span class='ocrx_word' id='word_1_277' title='bbox 746 3425 882 3482; x_wconf 81' lang='lat' dir='ltr'>rationaii.</span> <span class='ocrx_word' id='word_1_278' title='bbox 895 3426 1044 3482; x_wconf 75' lang='lat' dir='ltr'>Rationalis</span> 
     </span>
     <span class='ocr_line' id='line_1_33' title="bbox 96 3511 1045 3581; baseline 0.001 -16"><span class='ocrx_word' id='word_1_279' title='bbox 96 3529 112 3565; x_wconf 81' lang='lat' dir='ltr'>e.</span> <span class='ocrx_word' id='word_1_280' title='bbox 131 3515 241 3575; x_wconf 81' lang='lat' dir='ltr'>Intetiigi</span> <span class='ocrx_word' id='word_1_281' title='bbox 266 3515 341 3575; x_wconf 74' lang='lat' dir='ltr'>igitur</span> <span class='ocrx_word' id='word_1_282' title='bbox 359 3514 434 3563; x_wconf 87' lang='lat' dir='ltr'>debet</span> <span class='ocrx_word' id='word_1_283' title='bbox 452 3513 484 3563; x_wconf 89' lang='lat' dir='ltr'>de</span> <span class='ocrx_word' id='word_1_284' title='bbox 536 3517 622 3565; x_wconf 82' lang='lat' dir='ltr'>autem</span> <span class='ocrx_word' id='word_1_285' title='bbox 633 3518 793 3564; x_wconf 66' lang='lat' dir='ltr'>amuranus</span> <span class='ocrx_word' id='word_1_286' title='bbox 804 3519 842 3566; x_wconf 81' lang='lat' dir='ltr'>est</span> <span class='ocrx_word' id='word_1_287' title='bbox 861 3513 914 3566; x_wconf 82' lang='lat' dir='ltr'>nisi</span> <span class='ocrx_word' id='word_1_288' title='bbox 929 3511 1008 3581; x_wconf 78' lang='lat' dir='ltr'>Deus,</span> <span class='ocrx_word' id='word_1_289' title='bbox 1020 3518 1045 3567; x_wconf 80' lang='lat' dir='ltr'>et</span> 
     </span>
     <span class='ocr_line' id='line_1_34' title="bbox 107 3596 1045 3668; baseline 0.003 -20"><span class='ocrx_word' id='word_1_290' title='bbox 107 3599 262 3663; x_wconf 48' lang='lat' dir='ltr'>universuma</span> <span class='ocrx_word' id='word_1_291' title='bbox 280 3613 368 3660; x_wconf 76' lang='lat' dir='ltr'>nempe</span> <span class='ocrx_word' id='word_1_292' title='bbox 381 3598 411 3647; x_wconf 90' lang='lat' dir='ltr'>de</span> <span class='ocrx_word' id='word_1_293' title='bbox 431 3603 482 3647; x_wconf 85' lang='lat' dir='ltr'>tota</span> <span class='ocrx_word' id='word_1_294' title='bbox 536 3596 666 3663; x_wconf 59' lang='lat' dir='ltr'>Angelus,</span> <span class='ocrx_word' id='word_1_295' title='bbox 687 3601 711 3647; x_wconf 81' lang='lat' dir='ltr'>et</span> <span class='ocrx_word' id='word_1_296' title='bbox 735 3597 825 3649; x_wconf 84' lang='lat' dir='ltr'>anima</span> <span class='ocrx_word' id='word_1_297' title='bbox 846 3596 975 3667; x_wconf 78' lang='lat' dir='ltr'>dominic,</span> <span class='ocrx_word' id='word_1_298' title='bbox 994 3613 1045 3668; x_wconf 78' lang='lat' dir='ltr'>per</span> 
     </span>
     <span class='ocr_line' id='line_1_35' title="bbox 99 3679 1045 3750; baseline 0.005 -18"><span class='ocrx_word' id='word_1_299' title='bbox 99 3698 199 3748; x_wconf 76' lang='lat' dir='ltr'>ursana,</span> <span class='ocrx_word' id='word_1_300' title='bbox 211 3698 285 3747; x_wconf 78' lang='lat' dir='ltr'>qaram</span> <span class='ocrx_word' id='word_1_301' title='bbox 298 3683 441 3732; x_wconf 78' lang='lat' dir='ltr'>crrrarndarit</span> <span class='ocrx_word' id='word_1_302' title='bbox 453 3684 484 3732; x_wconf 82' lang='lat' dir='ltr'>ab</span> <span class='ocrx_word' id='word_1_303' title='bbox 536 3695 617 3750; x_wconf 76' lang='lat' dir='ltr'>quam</span> <span class='ocrx_word' id='word_1_304' title='bbox 636 3679 715 3732; x_wconf 81' lang='lat' dir='ltr'>domo</span> <span class='ocrx_word' id='word_1_305' title='bbox 733 3682 833 3734; x_wconf 82' lang='lat' dir='ltr'>dicitur</span> <span class='ocrx_word' id='word_1_306' title='bbox 850 3680 1000 3749; x_wconf 43' lang='lat' dir='ltr'>rationalius</span> <span class='ocrx_word' id='word_1_307' title='bbox 1020 3688 1045 3737; x_wconf 78' lang='lat' dir='ltr'>et</span> 
     </span>
     <span class='ocr_line' id='line_1_36' title="bbox 98 3765 1047 3836; baseline 0.003 -20"><span class='ocrx_word' id='word_1_308' title='bbox 98 3775 169 3818; x_wconf 83' lang='lat' dir='ltr'>reete</span> <span class='ocrx_word' id='word_1_309' title='bbox 187 3770 318 3830; x_wconf 66' lang='lat' dir='ltr'>Christus,</span> <span class='ocrx_word' id='word_1_310' title='bbox 336 3769 485 3818; x_wconf 77' lang='lat' dir='ltr'>assirinendo</span> <span class='ocrx_word' id='word_1_311' title='bbox 538 3767 718 3836; x_wconf 66' lang='lat' dir='ltr'>macarianae</span> <span class='ocrx_word' id='word_1_312' title='bbox 730 3765 859 3820; x_wconf 67' lang='lat' dir='ltr'>esthemo:</span> <span class='ocrx_word' id='word_1_313' title='bbox 872 3769 1047 3819; x_wconf 76' lang='lat' dir='ltr'>ees&#39;iiromes</span> 
     </span>
     <span class='ocr_line' id='line_1_37' title="bbox 96 3844 1045 3917; baseline 0.002 -15"><span class='ocrx_word' id='word_1_314' title='bbox 96 3853 486 3917; x_wconf 51' lang='lat' dir='ltr'>guamdemiitinsnatnraeaQoa</span> <span class='ocrx_word' id='word_1_315' title='bbox 539 3847 564 3900; x_wconf 94' lang='grc'>1.</span> <span class='ocrx_word' id='word_1_316' title='bbox 577 3844 603 3901; x_wconf 85' lang='lat'>2.</span> <span class='ocrx_word' id='word_1_317' title='bbox 621 3866 647 3915; x_wconf 79' lang='lat' dir='ltr'>u.</span> <span class='ocrx_word' id='word_1_318' title='bbox 660 3847 701 3901; x_wconf 85' lang='lat'>83.</span> <span class='ocrx_word' id='word_1_319' title='bbox 720 3867 757 3902; x_wconf 86' lang='lat' dir='ltr'>ar.</span> <span class='ocrx_word' id='word_1_320' title='bbox 770 3848 794 3901; x_wconf 88' lang='lat' dir='ltr'>i.</span> <span class='ocrx_word' id='word_1_321' title='bbox 812 3854 904 3903; x_wconf 86' lang='lat' dir='ltr'>cierins</span> <span class='ocrx_word' id='word_1_322' title='bbox 921 3853 1002 3903; x_wconf 80' lang='lat' dir='ltr'>adhuc</span> <span class='ocrx_word' id='word_1_323' title='bbox 1020 3853 1045 3904; x_wconf 89' lang='lat' dir='ltr'>id</span> 
     </span>
     <span class='ocr_line' id='line_1_38' title="bbox 96 3935 1045 4005; baseline -0.001 -15"><span class='ocrx_word' id='word_1_324' title='bbox 96 3938 486 4005; x_wconf 68' lang='lat' dir='ltr'>terpretetioneAugustinipen-</span> <span class='ocrx_word' id='word_1_325' title='bbox 538 3942 619 4002; x_wconf 85' lang='lat' dir='ltr'>ipsum</span> <span class='ocrx_word' id='word_1_326' title='bbox 642 3942 744 4002; x_wconf 84' lang='lat' dir='ltr'>exponit</span> <span class='ocrx_word' id='word_1_327' title='bbox 766 3942 894 3991; x_wconf 80' lang='lat' dir='ltr'>seribensr</span> <span class='ocrx_word' id='word_1_328' title='bbox 917 3935 990 3991; x_wconf 76' lang='lat' dir='ltr'>Sicut</span> <span class='ocrx_word' id='word_1_329' title='bbox 1017 3937 1045 3989; x_wconf 82' lang='lat' dir='ltr'>t‘n</span> 
     </span>
     <span class='ocr_line' id='line_1_39' title="bbox 96 4021 1045 4091; baseline -0.001 -18"><span class='ocrx_word' id='word_1_330' title='bbox 96 4024 483 4087; x_wconf 75' lang='lat' dir='ltr'>uaecnuiiomodopropriero-</span> <span class='ocrx_word' id='word_1_331' title='bbox 537 4021 651 4076; x_wconf 75' lang='lat' dir='ltr'>subiecto</span> <span class='ocrx_word' id='word_1_332' title='bbox 668 4026 803 4091; x_wconf 80' lang='lat' dir='ltr'>peceatum</span> <span class='ocrx_word' id='word_1_333' title='bbox 821 4021 952 4090; x_wconf 72' lang='lat' dir='ltr'>oripinote</span> <span class='ocrx_word' id='word_1_334' title='bbox 970 4021 1045 4076; x_wconf 82' lang='lat' dir='ltr'>nulio</span> 
     </span>
     <span class='ocr_line' id='line_1_40' title="bbox 108 4093 1041 4174; baseline -0.002 -15"><span class='ocrx_word' id='word_1_335' title='bbox 108 4108 140 4158; x_wconf 83' lang='lat' dir='ltr'>nd</span> <span class='ocrx_word' id='word_1_336' title='bbox 159 4109 287 4171; x_wconf 81' lang='lat' dir='ltr'>Mariam,</span> <span class='ocrx_word' id='word_1_337' title='bbox 309 4121 355 4157; x_wconf 87' lang='lat' dir='ltr'>seu</span> <span class='ocrx_word' id='word_1_338' title='bbox 373 4108 403 4157; x_wconf 84' lang='lat' dir='ltr'>ed</span> <span class='ocrx_word' id='word_1_339' title='bbox 429 4108 484 4158; x_wconf 80' lang='lat' dir='ltr'>eius</span> <span class='ocrx_word' id='word_1_340' title='bbox 536 4105 613 4158; x_wconf 83' lang='lat' dir='ltr'>modo</span> <span class='ocrx_word' id='word_1_341' title='bbox 629 4112 715 4174; x_wconf 80' lang='lat' dir='ltr'>potest</span> <span class='ocrx_word' id='word_1_342' title='bbox 733 4093 787 4161; x_wconf 78' lang='lat' dir='ltr'>csse</span> <span class='ocrx_word' id='word_1_343' title='bbox 799 4104 827 4157; x_wconf 80' lang='lat' dir='ltr'>in</span> <span class='ocrx_word' id='word_1_344' title='bbox 845 4119 923 4157; x_wconf 77' lang='lat' dir='ltr'>rores</span> <span class='ocrx_word' id='word_1_345' title='bbox 935 4106 982 4159; x_wconf 80' lang='lat' dir='ltr'>red</span> <span class='ocrx_word' id='word_1_346' title='bbox 998 4121 1041 4157; x_wconf 85' lang='lat' dir='ltr'>so·</span> 
     </span>
     <span class='ocr_line' id='line_1_41' title="bbox 110 4184 1041 4256; baseline 0 -16"><span class='ocrx_word' id='word_1_347' title='bbox 110 4190 176 4240; x_wconf 79' lang='lat' dir='ltr'>Sene</span> <span class='ocrx_word' id='word_1_348' title='bbox 186 4189 234 4239; x_wconf 88' lang='lat' dir='ltr'>nisi</span> <span class='ocrx_word' id='word_1_349' title='bbox 245 4190 292 4239; x_wconf 88' lang='lat' dir='ltr'>hoc</span> <span class='ocrx_word' id='word_1_350' title='bbox 304 4190 377 4239; x_wconf 87' lang='lat' dir='ltr'>modo</span> <span class='ocrx_word' id='word_1_351' title='bbox 390 4189 482 4245; x_wconf 87' lang='lat' dir='ltr'>inteiii·</span> <span class='ocrx_word' id='word_1_352' title='bbox 533 4185 588 4244; x_wconf 79' lang='lat' dir='ltr'>tum</span> <span class='ocrx_word' id='word_1_353' title='bbox 599 4187 628 4240; x_wconf 82' lang='lat' dir='ltr'>in</span> <span class='ocrx_word' id='word_1_354' title='bbox 648 4187 754 4240; x_wconf 80' lang='lat' dir='ltr'>unimo-</span> <span class='ocrx_word' id='word_1_355' title='bbox 770 4222 777 4235; x_wconf 82' lang='lat'><strong>·</strong></span> <span class='ocrx_word' id='word_1_356' title='bbox 791 4222 798 4235; x_wconf 82' lang='lat'><strong>·</strong></span> <span class='ocrx_word' id='word_1_357' title='bbox 812 4222 818 4234; x_wconf 83' lang='lat'><strong>·</strong></span> <span class='ocrx_word' id='word_1_358' title='bbox 840 4184 873 4240; x_wconf 80' lang='lat' dir='ltr'>Si</span> <span class='ocrx_word' id='word_1_359' title='bbox 883 4186 966 4256; x_wconf 71' lang='lat' dir='ltr'>igitur</span> <span class='ocrx_word' id='word_1_360' title='bbox 984 4202 1041 4240; x_wconf 80' lang='lat' dir='ltr'>cram</span> 
     </span>
    </p>
   </div>
   <div class='ocr_carea' id='block_1_3' title="bbox 1100 1151 1279 1559">
    <p class='ocr_par' dir='ltr' id='par_1_5' title="bbox 1100 1151 1279 1559">
     <span class='ocr_line' id='line_1_42' title="bbox 1119 1151 1278 1214; baseline 0 -12"><span class='ocrx_word' id='word_1_361' title='bbox 1119 1151 1177 1214; x_wconf 84' lang='lat' dir='ltr'>Quo</span> <span class='ocrx_word' id='word_1_362' title='bbox 1202 1166 1278 1205; x_wconf 73' lang='lat' dir='ltr'>maru</span> 
     </span>
     <span class='ocr_line' id='line_1_43' title="bbox 1100 1223 1278 1274; baseline -0.017 0"><span class='ocrx_word' id='word_1_363' title='bbox 1100 1223 1189 1274; x_wconf 80' lang='lat' dir='ltr'>Patres</span> <span class='ocrx_word' id='word_1_364' title='bbox 1200 1237 1278 1272; x_wconf 80' lang='lat' dir='ltr'>roes·</span> 
     </span>
     <span class='ocr_line' id='line_1_44' title="bbox 1102 1295 1276 1344; baseline 0.006 -2"><span class='ocrx_word' id='word_1_365' title='bbox 1102 1295 1185 1344; x_wconf 78' lang='lat' dir='ltr'>verint</span> <span class='ocrx_word' id='word_1_366' title='bbox 1218 1307 1276 1344; x_wconf 78' lang='lat' dir='ltr'>ear-</span> 
     </span>
     <span class='ocr_line' id='line_1_45' title="bbox 1101 1364 1278 1415; baseline 0 -1"><span class='ocrx_word' id='word_1_367' title='bbox 1101 1377 1160 1414; x_wconf 85' lang='lat' dir='ltr'>nem</span> <span class='ocrx_word' id='word_1_368' title='bbox 1182 1364 1278 1415; x_wconf 81' lang='lat' dir='ltr'>itariae</span> 
     </span>
     <span class='ocr_line' id='line_1_46' title="bbox 1102 1447 1279 1504; baseline 0 -18"><span class='ocrx_word' id='word_1_369' title='bbox 1102 1447 1208 1487; x_wconf 81' lang='lat' dir='ltr'>caruem</span> <span class='ocrx_word' id='word_1_370' title='bbox 1217 1447 1279 1504; x_wconf 77' lang='lat' dir='ltr'>prc-</span> 
     </span>
     <span class='ocr_line' id='line_1_47' title="bbox 1102 1504 1164 1559; baseline 0 -1"><span class='ocrx_word' id='word_1_371' title='bbox 1102 1504 1164 1559; x_wconf 74' lang='lat' dir='ltr'>coti</span> 
     </span>
    </p>
   </div>
   <div class='ocr_carea' id='block_1_4' title="bbox 0 0 1418 4904">
    <p class='ocr_par' dir='ltr' id='par_1_6' title="bbox 0 0 1418 4904">
     <span class='ocr_line' id='line_1_48' title="bbox 0 0 1418 4904; baseline 0 0"><span class='ocrx_word' id='word_1_372' title='bbox 0 0 1418 4904; x_wconf 95' lang='lat' dir='ltr'> </span> 
     </span>
    </p>
   </div>
  </div>
 </body>
</html>
