2828 4904
88 429 188 518 tgulos
217 451 260 493 ex
284 425 407 492 Adamo
430 421 568 487 carnalis
584 416 800 506 generationis
815 439 912 504 opera
933 417 1129 504 progenitos,
1184 430 1237 510 viui
1250 428 1362 491 origina-

88 555 137 600 am
154 551 295 621 prorsus
311 526 399 594 eludi
411 525 579 602 affirmant,
592 524 619 588 si
631 523 706 610 quis
717 521 768 588 vel
785 542 882 587 unam
894 521 1061 608 Virginem
1076 541 1132 587 sx·
1183 501 1382 620 {22n{f⁰⁹'3⁸“

88 639 154 716 viat,
169 656 256 724 quae
270 630 432 700 communi
445 629 580 705 ratione,
593 625 818 692 commixtione
830 625 979 692 videlicet
995 645 1133 690 sexuum

88 747 205 827 ncepta
222 743 284 804 est.
309 737 423 821 Neque
438 753 514 798 vero
530 729 612 796 illud
627 729 740 795 obesse
767 729 842 815 quis
859 736 961 816 putet,
979 727 1067 816 quod
1082 725 1134 794 iu-

88 866 121 910 ra
131 841 197 910 Dei
210 841 320 906 Mater
331 835 432 902 inerit
449 834 626 920 designata3
640 830 801 918 siquidem
816 831 876 896 hac
892 832 963 917 ipsa
979 829 1019 897 do
1036 852 1135 899 causa

88 944 188 1013 oximi
204 942 306 1009 etiam
322 937 466 1006 eiusdem
489 934 709 1023 progenitores
725 955 744 998 a
760 932 856 1020 eulpa
880 932 1029 999 servandi
1053 930 1135 1013 iuis·

88 1057 120 1114 nt
139 1048 315 1122 immunes,
340 1048 373 1108 et
399 1040 425 1106 ii
447 1039 506 1128 qui
529 1057 629 1125 prope
656 1057 710 1102 eos
735 1035 938 1114 antecedunt,
963 1042 1060 1124 atque
1088 1036 1133 1129 ita

88 1171 156 1230 rro,
180 1146 235 1213 uti
246 1153 377 1212 sanctus
394 1140 578 1209 Bernardus
595 1139 895 1226 argumentabatur3
912 1159 978 1227 quo
1004 1137 1136 1226 quidem

88 1260 139 1320 cto
164 1251 284 1337 dogma
298 1247 338 1314 de
352 1247 476 1335 peceati
492 1246 527 1311 in
543 1265 652 1311 omnes
676 1243 906 1332 propagatione
934 1243 1134 1310 eluderetur.

88 1376 127 1422 tm
161 1353 272 1440 igitur
298 1350 424 1415 nullum
452 1346 640 1414 huiusmodi
668 1346 868 1433 exceptionis
898 1346 1074 1433 vestigium
1102 1348 1136 1412 in

87 1456 233 1546 ripturis
244 1459 407 1533 occurrat,
419 1472 478 1518 nos
490 1472 562 1517 eam
575 1458 693 1517 temere
706 1451 864 1516 affirmare
875 1471 939 1515 non
950 1471 1135 1538 possumus.

135 1560 281 1644 insuper
307 1577 380 1622 cum
396 1550 490 1643 beata
506 1554 607 1639 Virgo
624 1554 882 1642 poenalitatibus,
904 1575 986 1641 quas
1009 1561 1134 1633 vocant,
1223 1575 1369 1627 munaum

88 1660 261 1750 :originali
288 1659 358 1726 labe
385 1657 620 1746 profluentibus
643 1657 783 1722 obnoxia
805 1655 918 1735 suerit,
943 1657 1017 1722 iuro
1040 1656 1152 1724 inser--
1191 1642 1370 1770 awai·

88 1788 194 1834 ream
211 1771 346 1853 peccato
361 1764 457 1827 etiam
474 1761 644 1827 obnoxiam
661 1762 695 1826 iu
711 1783 770 1827 sua
787 1761 992 1848 conceptione
1008 1759 1122 1828 fuisse.
1289 1751 1297 1768 ⁶

137 1869 202 1935 His
220 1867 346 1933 accedit
373 1864 460 1953 quod
475 1871 508 1932 et
525 1866 595 1952 ipsa
611 1886 630 1929 a
648 1864 776 1930 Christo
803 1865 940 1930 Domino
958 1863 1061 1931 suerit
1089 1888 1139 1933 re·
1213 1919 1370 1971 mum

88 1979 191 2061 tmpta.
215 1973 320 2037 Porro
340 1969 375 2035 id
392 1990 484 2036 verae
502 1969 730 2056 redemptionis
749 1968 833 2035 ratio
850 1969 1003 2056 postulat,
1016 1978 1054 2035 ut
1065 1970 1141 2058 quis
1192 1990 1367 2055 redemptione

88 2097 99 2139 s
116 2073 232 2141 actuali
249 2073 437 2159 captivitate
454 2072 559 2137 soluto
575 2072 679 2159 pretio
695 2072 729 2136 in
746 2070 928 2138 libertatem
943 2073 1139 2141 vindicetur:

88 2199 151 2244 scus
171 2178 258 2244 enim
284 2177 461 2263 improprie
489 2197 593 2263 neque
620 2196 729 2263 presse
753 2175 808 2240 ille
832 2176 998 2241 diceretur
1018 2158 1141 2243 redem-

90 2303 140 2361 ns,
160 2281 220 2368 qni
239 2300 405 2366 nunquam
421 2279 601 2366 captivitati
617 2278 817 2365 mancipatus
834 2275 960 2344 fuisset.
1192 2268 1197 2277 ’

140 2384 206 2451 Sed
231 2405 337 2471 neque
354 2382 435 2448 illud
453 2382 736 2470 praetereundum,
754 2383 841 2470 quod
858 2405 924 2449 nno
939 2405 995 2450 ore
1011 2391 1138 2451 veteres
1203 2418 1369 2482 mem„
1394 2378 1396 2383 ’

88 2509 207 2568 acuere,
224 2487 298 2553 ideo
326 2508 439 2583 nempe
467 2507 568 2564 unum
596 2486 761 2552 Christum
784 2489 893 2554 lesum
919 2510 961 2555 ex
988 2488 1138 2555 omnibus
1192 2489 1370 2572 '³¹¹⁰.¹¹⁰,⁰⁰¹¹·

88 2588 245 2654 ›minibus
269 2587 398 2675 culpam
420 2608 483 2653 non
507 2588 717 2668 contraxisse,
737 2589 826 2676 qnod
848 2588 971 2677 absque
1001 2610 1140 2656 sexuum
1193 2565 1327 2625 oettwmt·

88 2799 135 2864 inc
159 2806 272 2864 ratum
287 2817 384 2884 penes
401 2817 509 2864 omnes
524 2796 723 2885 principium
751 2797 840 2864 stetit
865 2798 1046 2864 necessario
1069 2818 1142 2884 pec·

88 2910 168 2988 itum
184 2902 220 2966 in
238 2922 292 2967 eos
309 2900 457 2980 diffundi,
471 2902 529 2989 qui
545 2923 603 2989 per
619 2886 779 2968 eiusmodi
796 2902 1010 2968 inordinatam
1026 2923 1143 2975 coucu-

88 3005 250 3072 is'eontiam
266 3003 390 3071 inerint
407 3006 518 3092 geniti:
537 3026 611 3072 cum
624 3027 700 3072 vero
716 3005 810 3072 beata
823 3008 924 3092 Virgo
941 3007 1000 3073 hac
1017 3007 1142 3071 ratione

88 3109 163 3174 ierit
186 3117 351 3196 concepta,
368 3131 566 3197 consequens
593 3110 727 3198 proinde
749 3117 856 3176 estex
883 3111 1029 3175 unanimi
1055 3118 1143 3176 vote·

88 3235 131 3278 rm
153 3234 314 3280 consensu
332 3222 364 3280 et
379 3215 482 3302 ipsam
498 3215 688 3301 primigenia
712 3214 752 3279 ab
768 3224 843 3280 ortu
873 3237 932 3280 suo
961 3214 1032 3281 labe
1060 3235 1145 3281 oom-

88 3315 250 3380 acntatam
266 3313 379 3381 fuisse.
392 3317 573 3403 Eapropter
589 3338 652 3382 non
669 3315 895 3397 semel,verum
912 3317 1043 3404 saepius
1055 3337 1074 3383 a
1086 3317 1145 3382 Pa·

88 3415 166 3481 ibus
190 3437 267 3482 earo
289 3418 415 3484 Mariae
439 3441 514 3484 coro
527 3425 652 3506 pcccati
667 3426 717 3485 est
732 3418 902 3507 appellata3
920 3417 1008 3506 quod
1030 3418 1145 3484 absur—

88 3539 99 3582 c
121 3519 256 3606 quidem
272 3519 312 3586 de
336 3542 374 3585 ea
400 3542 495 3587 carue
512 3521 687 3601 diceretur,
711 3543 810 3610 quam
832 3524 921 3588 Deus
946 3521 1070 3608 peccati
1086 3542 1147 3608 pu·
1219 3605 1222 3612 ἢ

88 3642 124 3686 un
148 3622 321 3710 omnisque
337 3621 419 3690 labis
432 3632 595 3712 expertem
607 3625 774 3691 voluisset.
800 3627 891 3704 Quae
903 3623 1054 3690 'doctrina
1070 3643 1145 3701 eum

88 3735 206 3792 tustans
224 3746 262 3791 ac
279 3725 370 3791 firma
385 3749 482 3815 penes
505 3734 630 3794 veteres
648 3727 701 3807 sit,
719 3729 793 3794 iure
815 3729 997 3817 meritoque
1017 3724 1145 3797 conclu-

88 3837 137 3894 nnt
164 3829 239 3917 piae
269 3832 445 3897 sententiae
469 3831 722 3919 impugnatores,
739 3833 973 3919 Augustinum,
990 3831 1019 3897 si
1035 3829 1146 3897 advor-

88 3935 224 4002 uiornm
239 3933 396 4021 placitum
411 3935 519 4023 quoad
530 3936 675 4021 Virginis
691 3936 927 4002 immunitatem
939 3935 980 4000 ab
992 3933 1144 4019 originali

88 4057 141 4105 oxa
173 4045 363 4125 spectasset,
387 4038 553 4105 dicturum
577 4039 641 4107 illis
664 4037 778 4106 inisse:
802 4040 889 4110 Μῖνα
911 4048 984 4104 suat
1006 4034 1145 4126 quaeda
