2828 4904
740 321 867 397 -ilit
882 358 925 374 ··-

300 445 462 523 mundati,
487 451 555 509 tum
578 442 762 510 liberationi
778 465 797 509 u
813 451 944 531 peccato
968 461 1072 530 aequo
1095 465 1170 508 sane
1194 452 1289 530 pacto
1304 437 1365 506 co'n·

297 547 385 613 venit
407 544 462 634 (l).

358 672 360 677 ·
388 650 596 738 Atque'lraec
618 649 658 715 de
680 651 731 715 his
753 651 979 734 monumentis,
1003 672 1087 737 quae
1111 659 1216 714 tamon
1241 658 1368 715 aetatem

298 756 339 821 de
361 778 427 842 qua
448 755 637 821 disserimus
652 776 693 819 ne
707 755 871 840 attingunt
887 755 1033 841 quidem,
1051 755 1107 820 sed
1127 756 1167 820 ad
1183 777 1256 819 eam
1273 757 1368 821 omnia
1403 783 1409 822 ι

298 859 486 926 referuntur
508 860 542 924 in
565 881 630 945 qua
652 858 836 923 istiusmodi
858 846 1007 945 quaestio
1031 859 1152 924 iamdiu
1177 858 1367 945 agitabatur,

106 976 249 1040 Quassus.
300 986 404 1052 neque
431 972 602 1050 propterea
629 962 670 1026 ad
696 963 898 1049 propositum
920 962 1055 1028 faciunt.
1086 964 1121 1029 si
1148 965 1236 1028 enim
1252 964 1369 1049 patroni
1408 993 1409 1030 i

71 1043 253 1168 manga:
301 1065 499 1130 immaculati
526 1065 671 1149 Virginis
694 1065 875 1151 Conceptus
898 1087 935 1129 ea
958 1065 1105 1150 prolerre
1126 1064 1245 1131 vellent
1269 1087 1368 1129 monu·
1395 1094 1409 1136 a

55 1185 251 1247 ,renuissem
301 1176 407 1234 menta
432 1190 516 1255 quae
539 1168 598 1233 hac
621 1168 691 1254 ipsa
721 1175 825 1232 aetate
841 1190 882 1232 ex
903 1167 1017 1233 iisdem
1039 1168 1162 1234 Officiis
1186 1189 1225 1233 ac
1254 1169 1369 1233 rituali·
1394 1196 1409 1245 u

84 1271 137 1310 '¹⁰¹¹
159 1255 241 1308 ⁰⁰⁰⁰·
301 1270 364 1337 bus
386 1271 480 1337 libris
504 1291 563 1356 pro
589 1291 650 1335 sua
676 1292 775 1335 causa
804 1279 1002 1357 suppetunt,
1027 1271 1158 1336 illorum
1184 1273 1282 1358 copia
1303 1252 1409 1459 ml

129 1328 200 1379 m
301 1373 394 1460 plane
417 1372 618 1437 adversarios
634 1372 809 1437 obruerent
826 1369 879 1456 (2).
895 1372 945 1436 Ad
962 1372 1182 1438 infirmandam
1202 1394 1304 1459 porro
1321 1371 1369 1436 dil

301 1479 475 1544 licultatem
500 1500 541 1542 ex
558 1499 584 1542 s.
600 1478 717 1542 Leonis
733 1477 841 1544 verbis
859 1479 991 1564 petitam
1009 1478 1086 1543 satis
1102 1480 1166 1544 erit
1181 1479 1370 1543 animadver
1394 1478 1409 1554 is

301 1591 385 1661 tere,
402 1582 475 1668 plus
491 1582 588 1647 etiam
603 1603 641 1646 ea
658 1580 756 1648 verba
779 1583 916 1669 probare
932 1604 1030 1668 quiam
1049 1584 1311 1669 propugnatores
1330 1581 1370 1647 ad
1398 1615 1409 1659 a

300 1705 412 1749 versae
436 1684 612 1749 sententiae
635 1680 837 1764 contendant.
869 1684 1035 1771 Siquidem
1052 1706 1093 1749 ex
1119 1685 1184 1748 illis
1210 1670 1369 1779 conclude
1397 1721 1409 1785 q

302 1783 461 1867 retundi.
478 1788 646 1875 Virginem
669 1788 796 1853 nonnisi
813 1788 847 1852 in
867 1789 988 1854 Christi
1008 1790 1217 1875 conceptione
1241 1790 1371 1876 origina-
1396 1788 1401 1811 ⁶

301 1893 324 1956 li
348 1915 430 1972 noxa
458 1900 628 1979 purgatam
656 1891 769 1958 luisse.
794 1893 913 1974 Sensus
936 1893 1039 1978 igitur
1060 1896 1094 1958 in
1121 1894 1266 1959 adducto
1294 1820 1409 2023 testi-l

301 1998 408 2063 monio
430 1997 514 2062 alius
537 2017 607 2062 esse
628 1998 752 2083 nequit,
776 2018 873 2084 quam
896 1998 953 2083 qui
976 1999 1053 2076 aiat,
1069 2006 1218 2062 'sanctam
1242 1999 1307 2089 Dei
1327 1997 1371 2064 Pa·
1405 2028 1409 2077 q

302 2109 424 2166 rentem
437 2101 569 2184 maioris
585 2101 764 2165 sanctitatis
781 2123 817 2166 ac
835 2102 988 2188 puritatis
1008 2105 1218 2188 augmentum
1234 2124 1283 2187 ex·
1294 2103 1369 2169 ctri-

303 2206 345 2270 sti
368 2206 573 2293 conceptione
589 2214 793 2271 consecutam
810 2228 891 2298 esse,
909 2228 1002 2272 secus
1026 2228 1063 2270 ac
1085 2198 1118 2271 in
1135 2206 1263 2289 ceteris
1278 2196 1363 2291 logni·

302 2308 352 2373 nis
374 2309 552 2394 contingat,
576 2329 659 2395 quae
687 2330 749 2373 non
776 2310 844 2373 sine
870 2310 994 2397 peccati
1017 2331 1075 2375 seu
1098 2299 1365 2397 concupiscentiae
1404 2380 1409 2391 ,

262 2483 266 2490 ,
302 2413 396 2479 sorde
419 2410 526 2480 foetus
549 2434 626 2478 suos
649 2412 848 2499 concipiunt.
990 2408 992 2411 ’
1145 2448 1147 2451 v
1195 2465 1199 2472 .
1288 2435 1289 2440 ¹
1336 2461 1337 2464 ,
1400 2410 1409 2511 l

109 2543 253 2611 mmm,
299 2549 301 2554 ·
392 2515 510 2583 (lontra
532 2537 609 2581 vero
632 2515 711 2580 adeo
733 2517 866 2604 antiqua
881 2518 1110 2605 luculentaque
1128 2521 1323 2607 sunt‘qnae
1336 2515 1367 2582 ad
1402 2560 1409 2605 q

74 2622 256 2670 mmmm*
304 2621 429 2707 insigne
452 2621 512 2686 hoc
535 2619 739 2710 privilegium
757 2622 793 2684 B.
815 2622 943 2708 Virgini
966 2621 1175 2695 asserendum
1196 2615 1370 2691 monumen
1394 2632 1409 2723 q

74 2688 255 2812 ᾛζῇιιῗ
305 2735 338 2790 ta
353 2732 512 2812 prostant,
530 2730 567 2802 ut
581 2723 726 2818 ipsorum
741 2723 790 2791 vis
810 2724 966 2790 infirmari
987 2714 1085 2813 atque
1102 2721 1281 2810 extenuari
1295 2722 1368 2792 nula
1391 2728 1409 2843 Ι

75 2833 246 2895 timidone
304 2829 429 2901 ratione
452 2827 562 2914 possit.
588 2828 670 2894 Nam
692 2828 755 2892 etsi
770 2850 844 2893 cum
868 2829 1183 2910 Petaviodaremns,
1208 2854 1254 2896 ex
1278 2829 1366 2897 titul'n
1392 2850 1409 2917 ᾗ

303 2931 548 3008 immaculatae,
568 2935 801 3010 intemeratae,
830 2931 968 3018 aliisque
992 2933 1151 2999 eiusmodi
1165 2953 1186 3012 ,’
1203 2935 1325 3021 quibus
1343 2932 1366 2996 ir
1406 3014 1409 3021 Ι

303 3035 486 3122 liturgias.
511 3031 642 3119 iacobi,
667 3033 804 3120 aliisque
835 3031 1070 3124 antiquissimis
1099 3031 1317 3104 monumentis
1336 3037 1363 3102 ll.

213 3175 216 3181 ·
303 3138 406 3226 Virgo
428 3137 547 3226 passim
571 3136 779 3203 condecorata
803 3140 966 3237 estqhaud
989 3133 1314 3228 posseinelnctaliile
1328 3161 1365 3206 ar·

339 3352 375 3423 (1)
392 3355 431 3409 Gi.
452 3359 565 3423 vasquez
584 3357 610 3407 in
630 3352 656 3408 3.
674 3372 699 3421 p.
719 3371 739 3408 s.
753 3359 809 3408 Th.
862 3360 1164 3411 auctoritateconurmat.
1206 3385 1209 3392 ·
1234 3387 1237 3396 ·
1259 3376 1262 3382 ·

304 3443 367 3505 disp.
380 3436 440 3494 117.
448 3441 507 3506 Cap.
528 3436 596 3492 lin.
607 3436 667 3494 151.
684 3455 753 3507 seqq.
766 3444 809 3493 ubi
906 3437 942 3515 t2)
960 3445 1036 3512 Num,
1048 3457 1107 3495 eum
1119 3444 1270 3496 queclesiu
1279 3454 1361 3510 mett,

304 3527 501 3578 luculentissime
514 3528 626 3579 ‘ostendit
644 3528 765 3577 mnndum
786 3532 812 3578 et
864 3519 1362 3594 iamindeusquaasec.V‚perinde'acir

304 3619 420 3662 sunctum
438 3612 498 3678 dici,
517 3617 561 3663 rut
580 3613 694 3662 mundari
707 3617 733 3662 et
753 3627 810 3662 san·
863 3613 974 3663 Ecclesia
996 3614 1082 3679 latina,
1094 3615 1131 3663 uti
1144 3628 1205 3664 mox
1217 3615 1363 3676 ridebimus,

294 3696 426 3763 'addeum
438 3699 492 3747 non
513 3698 595 3747 solum
611 3697 638 3746 id
655 3698 724 3761 quod
742 3698 811 3760 prius
864 3698 927 3749 haee
944 3697 1121 3763 Conceptionis
1134 3698 1294 3751 sollemnitas
1310 3698 1363 3748 cels·

304 3780 355 3832 luit
370 3781 610 3847 immundum'atqua
621 3782 812 3848 pollutum7p0·
864 3783 991 3851 ureretur,
1012 3798 1120 3848 cumque
1138 3784 1216 3847 longe
1227 3787 1328 3850 lateque
1345 3781 1365 3830 in

305 3869 452 3917 steuamem
462 3868 584 3916 muudum
596 3873 761 3932 sanctumque
773 3867 813 3918 el·
865 3873 975 3934 utruque
994 3869 1108 3919 Ecclesia
1129 3877 1271 3934 propagata
1292 3871 1365 3929 esset,

304 3949 406 4015 licitur3
424 3963 513 4000 verum
533 3950 611 4000 etiam
630 3951 654 3999 id
674 3951 743 4018 quod
764 3949 817 4000 im·'
863 3958 964 4015 praesto
976 3952 1160 4003 sunioumium
1172 3951 1367 4004 ecelesiarnmi'

303 4034 426 4086 mundum
434 4047 571 4098 numquam
583 4028 608 4084 et
620 4035 812 4101 potissumum
863 4037 955 4099 turgici
967 4036 1071 4102 libripin
1083 4037 1175 4102 quibus
1184 4043 1246 4089 toto
1252 4040 1302 4088 iroc
1313 4043 1366 4113 ten·

304 4119 351 4169 sul>
368 4115 609 4183 peccato'iuit.lloc
621 4133 683 4170 vero
699 4120 768 4184 quod
779 4121 811 4170 ad
863 4134 926 4184 pore
942 4121 1101 4174 immaculata
1113 4123 1227 4186 Virginis
1247 4124 1367 4188 praedici-
1407 4184 1409 4193 A

304 4203 334 4253 B.
354 4203 481 4267 Virginem
503 4203 611 4271 spectat,
620 4205 813 4255 Prtrumetiam
865 4203 1065 4268 turssonceptio.
1162 4226 1165 4232 ·
1208 4227 1214 4241 =
1255 4218 1257 4223 ·
1340 4221 1344 4226 ’
