2828 4904
627 312 632 324 ·
732 277 907 349 -266-

288 448 292 467 .
377 409 432 474 Vl.
458 410 492 473 ln
516 427 592 476 casn
612 408 818 478 affirmativae
840 375 1063 498 responsionis
1085 415 1130 482 ad
1152 427 1341 504 quartumet
1375 366 1388 519 'f

287 511 444 594 quintum
466 512 619 591 Dubium,
634 515 857 595 quaerituran
868 515 1021 580 censendi
1031 517 1101 582 sint
1117 539 1213 604 agere
1235 545 1271 592 err
1288 546 1343 593 con·

283 622 422 698 tempta
437 614 461 678 ii
476 632 597 689 omnes,
612 615 671 698 qui
696 616 848 698 propriae
871 617 1057 682 sententiae
1081 619 1296 704 inhaerentes,
1308 633 1345 695 rel
1384 624 1392 630 ’

288 724 463 801 praetextu
495 715 644 780 sectandi
668 715 853 781 doctrinam
881 719 1029 802 Angeliei
1057 723 1347 810 Praeceptoris,re
1378 686 1392 733 η’

286 825 396 883 nuunt
411 837 446 883 se
461 817 655 883 submittere
677 819 842 900 responsis
864 822 1000 885 Sanctae
1016 823 1111 890 Sedis
1125 827 1170 891 ad
1185 834 1349 911 praesentia

287 921 405 999 Dubia,
420 920 548 986 etiamsi
563 927 693 985 tantum
718 921 874 987 omittant
889 922 924 986 in
946 923 1156 994 praefatione
1168 931 1284 998 Missae
1300 953 1348 999 rer·
1387 926 1390 931 ’

287 1022 369 1087 bum
384 1021 647 1095 dornomiam?—
1232 1045 1247 1065 -·

375 1126 445 1190 llll.
471 1124 523 1188 An
546 1129 685 1189 Decreta
711 1142 729 1187 a
752 1141 843 1187 sacra
857 1124 984 1190 rituum
1000 1127 1268 1214 congregatione
1288 1154 1349 1199 ema·

286 1234 374 1305 nata,
398 1234 432 1290 et
460 1225 688 1308 responsiones
703 1242 929 1309 quaecumque
954 1227 995 1292 ab
1017 1229 1090 1313 ipsa
1104 1234 1290 1315 propositis
1301 1240 1345 1299 lir-

288 1325 353 1393 biis
376 1327 504 1411 scripto
519 1327 670 1392 formiter
684 1327 803 1403 editoe,
822 1328 968 1394 eamdem
979 1329 1124 1395 habeant
1137 1336 1340 1399 auctoritatem

285 1443 326 1489 ac
351 1427 378 1490 si
407 1427 597 1493 immediate
619 1426 660 1495 ab
688 1429 759 1511 ipso
785 1426 918 1493 Samnio
941 1429 1103 1495 Pontifice
1127 1443 1343 1516 promanarunt

289 1527 438 1608 quamvis
462 1526 554 1593 nulla
582 1527 670 1592 facta
697 1527 802 1592 fuerit
826 1527 869 1593 de
898 1528 1015 1595 iisdem
1044 1531 1168 1596 relatio
1202 1535 1346 1599 Sanctitnti

284 1631 402 1696 Suae?
507 1665 511 1674 ·
1379 1688 1382 1699 .

283 1771 287 1795 ;
376 1736 419 1795 Et
440 1751 529 1797 sacra
551 1733 665 1798 eadem
682 1734 900 1819 Congregatio
914 1736 956 1801 ad
971 1738 1173 1804 Vaticanum
1189 1741 1346 1824 subsignata
1371 1736 1378 1809 ,'

249 1881 253 1889 -
288 1834 345 1899 die
369 1834 552 1899 coadunata
573 1836 608 1901 in
632 1836 800 1901 ordinario
822 1846 931 1915 coetu,
943 1837 1160 1904 auditaame
1189 1841 1344 1924 subscripto
1369 1824 1392 1918 's

290 1938 473 2001 Seeretario
487 1937 580 2002 fideli
591 1940 761 2016 relatione,
773 1930 994 2023 expositisque
1009 1941 1179 2008 rationum
1198 1944 1342 2027 diligenter

290 2041 507 2106 consideratis
532 2042 781 2107 rescribendum
806 2045 944 2109 censuit.

286 2203 290 2209 .
377 2141 479 2206 Adi.
507 2145 606 2207 Posse
627 2144 719 2208 insta
744 2147 921 2208 Decretum
941 2143 1010 2209 diei
1036 2141 1080 2210 ll
1103 2148 1198 2211 lunii
1224 2143 1301 2211 tuit
1321 2152 1338 2207 et
1369 2198 1373 2229 ι

288 2242 425 2309 allatam
449 2245 625 2311 rubricam.
743 2304 747 2310 .

309 2408 311 2413 .
382 2347 437 2412 dd
460 2347 501 2411 ll.
535 2349 607 2412 Non
635 2347 784 2433 indigere
809 2355 849 2413 ut
871 2348 914 2412 ad
936 2349 1130 2432 proximum.

286 2497 289 2502 -
380 2449 434 2515 Art
456 2453 510 2515 Ill.
535 2453 607 2515 Non
630 2471 700 2515 esse
727 2450 867 2534 amplius
888 2451 923 2514 in
950 2451 1119 2517 facultate.

303 2616 306 2624 ,
378 2550 433 2615 Ad
459 2553 512 2615 lV.
537 2551 735 2616 Affirmatire
762 2552 797 2614 in
826 2568 903 2615 casn
931 2551 1112 2633 proposito.

372 2652 434 2718 nd
454 2657 495 2718 V.
535 2653 742 2729 Affirmative,
760 2661 794 2716 et
824 2660 986 2736 qnatenus
1005 2672 1089 2736 opus
1115 2654 1171 2727 sit
1197 2655 1345 2719 consuler·

290 2757 368 2822 dum
393 2757 603 2821 Sanctissimo
629 2776 687 2839 pro
713 2757 935 2821 absolutione.

379 2858 433 2923 Ad
455 2860 510 2924 Vl.
534 2863 581 2923 Ex
611 2858 841 2941 praecedentis
869 2857 970 2921 Dubii
998 2856 1171 2923 solutione
1202 2859 1349 2924 consulant

283 2963 515 3026 ¹conscientiae
536 2981 625 3026 suae.

283 3108 286 3117 .
380 3063 435 3127 Ad
459 3063 530 3128 Vll.
556 3064 763 3128 Affirmative.

380 3167 492 3248 Atque
513 3167 559 3230 ita
581 3167 758 3250 rescripsit.
783 3167 843 3230 Die
865 3163 908 3230 23
934 3159 1139 3228 maii1l8l7.
1252 3193 1255 3197 ·

380 3271 423 3332 Et
447 3267 532 3333 iacta
553 3268 595 3333 de
617 3269 803 3352 praemissis
827 3267 979 3333 omnibus
1006 3265 1224 3330 Sanctissimo
1241 3266 1357 3332 Domino

292 3370 410 3432 Nostro
426 3370 497 3432 PIO
519 3371 565 3433 lx
583 3367 735 3432 Pontifici
749 3369 887 3432 Maximo
911 3384 969 3449 per
984 3364 1139 3430 eumdem
1155 3366 1360 3455 subscriptum

292 3471 512 3536 secretarium
524 3469 617 3548 fideli
627 3464 797 3547 relatione,
810 3470 971 3534 Sanctitas
992 3470 1055 3530 Sua
1070 3468 1242 3550 rescripta
1256 3487 1275 3532 a
1295 3481 1363 3531 sacra

293 3575 554 3658 Congregatione
578 3575 612 3637 in
634 3572 787 3636 omnibus
812 3580 847 3636 et
870 3570 1006 3653 singulis
1031 3567 1248 3651 adprobavit,
1270 3564 1363 3634 confir

290 3679 468 3760 nnaritque,
496 3696 533 3741 ac
560 3695 672 3740 omnes
697 3683 731 3738 et
758 3675 926 3756 singulos,
953 3680 1118 3756 quatenus
1144 3663 1316 3756 opns'sit
1335 3665 1364 3732 ab

213 3777 217 3785 '
294 3781 403 3843 emissi
425 3769 639 3843 iurisiurandi
655 3777 798 3853 vinculo,
811 3776 863 3839 uti
877 3776 912 3838 in
924 3781 1041 3856 quarto
1055 3771 1183 3850 Dubio,
1204 3773 1364 3840 absolvent

288 3888 327 3943 et
350 3882 503 3955 eximens,
528 3880 722 3963 Apostolica
749 3877 955 3942 Auctoritate
982 3878 1045 3943 Sua
1070 3876 1252 3959 praecepit
1267 3882 1363 3940 utme

289 3989 419 4044 morata
446 3981 510 4044 duo
532 3982 666 4066 decreta
693 3997 795 4061 super
815 3978 1000 4042 elevatione
1025 3977 1111 4040 ritus
1131 3977 1229 4041 Festi
1251 3977 1362 4042 Concu

285 4082 418 4164 :ptionis
441 4084 609 4166 Deiparae,
623 4089 658 4144 et
679 4079 849 4144 additione
872 4075 1278 4144 verbi-Immaculcto-in
1293 4077 1366 4140 Prae

141 4184 147 4199 '
292 4182 416 4248 tatiane
433 4183 547 4248 Missae
563 4181 799 4265 conceptionis
819 4178 927 4262 ipsius
950 4197 968 4244 a
989 4195 1032 4242 sa
1055 4195 1118 4243 me.
1136 4177 1298 4263 Gregorio
1314 4174 1367 4238 l’t·
