2828 4904
106 859 232 924 implicite

81 1085 163 1151 quue
175 1088 251 1138 sartis

70 1157 152 1208 nodis

750 277 938 392 -taa-

304 443 451 512 Ecclesia
466 449 643 532 praestare,
660 443 724 509 nisi
741 445 894 510 terminos
918 453 1061 511 statuere
1077 467 1113 512 ac
1129 443 1300 515 declarare
1323 449 1392 538 qui·

302 549 464 618 basillae
487 549 551 615 rite
565 549 792 629 enuncientur,
816 571 936 637 easque
960 552 1054 616 statis
1074 550 1226 620 formulis
1251 576 1392 622 commu·

302 658 387 738 nire,
410 651 533 744 quibus
556 653 665 722 fideles
688 653 729 721 ab
744 654 984 730 baereticorum
1007 657 1172 723 bominum
1195 659 1329 725 technis
1345 667 1392 727 tn·

304 763 430 829 tissime
453 765 675 848 protegantur.

393 865 517 931 Verum
539 863 622 927 aliae
644 869 721 927 sunt
743 862 907 942 veritates,
931 885 1016 950 qnae
1040 871 1165 930 tantum
1187 868 1394 955 implicitciu

303 970 402 1040 verbo
424 968 583 1037 divinitus
598 967 740 1036 revelato
755 968 979 1047 continentur,
996 969 1085 1055 quod
1098 968 1254 1056 plurimis
1264 995 1267 1003 ¹
1276 966 1396 1039 contin·

303 1097 380 1165 gere
402 1073 506 1140 modis
529 1078 645 1160 potest.
669 1072 817 1157 Namque
832 1077 891 1136 aut
912 1072 1051 1159 implere
1068 1094 1104 1139 ao
1128 1072 1354 1156 subobscure,
1369 1086 1398 1143 et

302 1180 405 1250 veluti
419 1175 617 1267 quibusdam
631 1175 711 1242 velis
728 1175 888 1242 obductae
904 1176 939 1240 in
955 1197 995 1242 eo
1010 1175 1215 1258 delitescunt,
1234 1180 1329 1246 undo
1343 1202 1397 1270 per

302 1284 489 1352 distinctam
512 1288 611 1368 atque
633 1279 819 1346 uberiorem
841 1289 1057 1369 conceptuum
1086 1282 1347 1368 explicationem
1367 1287 1398 1353 in

302 1391 410 1458 lucem
433 1394 511 1455 sunt
532 1385 695 1453 eruendae
702 1405 713 1471 3
735 1394 793 1452 aut
812 1386 894 1452 aliae
916 1389 951 1452 in
973 1386 1047 1452 aliis
1070 1391 1213 1476 explicite
1243 1392 1396 1460 revelatis

302 1495 407 1564 veluti
423 1492 647 1560 conclusiones
662 1489 697 1556 in
708 1491 871 1579 principio
887 1490 1112 1576 includuntur3
1125 1500 1184 1559 aut
1196 1494 1269 1562 alio
1284 1497 1397 1563 intimo

304 1623 344 1668 ac
366 1598 551 1665 necessario
572 1617 660 1662 nexu
684 1616 759 1661 oum
781 1594 856 1662 aliis
874 1596 949 1662 fidei
972 1596 1167 1664 veritatibus
1191 1599 1244 1664 ita
1266 1603 1397 1668 coniun-

303 1709 375 1769 ctae
390 1708 482 1780 sunt,
500 1706 539 1765 ut
559 1697 636 1764 inde
658 1695 748 1763 facili
770 1699 1017 1766 ratiocinatione
1039 1707 1137 1784 atque
1157 1699 1313 1768 evidenti
1333 1703 1395 1771 illa·

293 1808 392 1874 tione
404 1805 529 1894 possint
540 1803 670 1870 deduci.
685 1805 735 1869 De
750 1804 810 1869 hac
827 1804 916 1870 varia
936 1825 1000 1892 qua
1012 1802 1181 1890 quidpiam
1196 1808 1393 1894 implicabis

303 1911 366 1978 Dei
383 1908 482 1976 verbo
498 1907 638 1994 reperiri
653 1912 759 1993 potest
781 1907 923 1986 ratione,
939 1907 1087 1994 exemplo
1108 1914 1186 1972 sunt
1209 1907 1390 1997 locupletis

302 2014 384 2080 simo
408 2013 558 2099 dogmata
582 2010 705 2098 quibus
728 2009 809 2076 duas
826 2011 861 2076 iu
882 2010 1012 2076 Christo
1034 2017 1169 2076 naturas
1194 2020 1276 2099 post
1298 2014 1388 2079 incar·

300 2120 464 2187 nationem
486 2116 580 2205 plane
603 2116 825 2203 impermistas
848 2124 946 2203 atque
968 2114 1157 2183 inconfusas
1179 2138 1381 2204 permanere,

301 2222 541 2306 humanamque
564 2217 695 2285 Christo
718 2218 783 2304 ipsi
817 2219 1059 2285 voluntatema
1093 2217 1208 2285 divina
1233 2220 1330 2308 plano
1343 2218 1375 2284 d

301 2326 453 2393 stiuctam
475 2325 583 2389 inesse
605 2321 808 2410 profitemur3
825 2323 938 2388 itidem
961 2344 1100 2410 eaquae
1121 2322 1193 2390 sive
1213 2324 1373 2392 absolutam
1407 2402 1409 2419 Ι

300 2425 456 2515 baptismi
478 2425 703 2490 necessitatem
721 2423 830 2512 quoad
852 2424 991 2490 infantes
1011 2447 1029 2491 e
1048 2423 1204 2490 fidelibus
1229 2428 1378 2514 etiampa
1405 2422 1408 2427 ’

301 2526 452 2594 rentibus
474 2531 579 2610 ortos;
597 2525 665 2593 sive
687 2525 846 2612 integram
863 2525 985 2593 Christi
1006 2526 1041 2591 in
1060 2525 1226 2593 alterutra
1248 2527 1377 2596 euchari
1407 2515 1412 2532 ’

288 2631 385 2697 stica
400 2631 508 2718 specie
525 2628 774 2717 susceptionem3
795 2632 862 2699 sive
883 2631 1004 2697 Christi
1022 2631 1128 2717 ipsius
1146 2630 1184 2696 in
1206 2633 1323 2699 eodem
1337 2653 1376 2698 cr
1400 2638 1414 2665 ·’

302 2736 477 2804 charistico
496 2744 694 2802 sacramento
714 2736 935 2804 adorationem
953 2737 1128 2804 vindicant:
1142 2758 1182 2805 ac
1201 2739 1335 2807 demum
1349 2757 1373 2805 ut
1394 2766 1412 2831 q·

301 2838 367 2907 alia
385 2861 469 2928 quae
493 2838 590 2927 plura
611 2841 722 2906 afferri
744 2850 888 2928 possent,
912 2863 1164 2929 persequamur,
1187 2843 1372 2911 luculentam
1393 2804 1408 2915 l}

301 2943 487 3031 exemplum
509 2953 559 3010 est
580 2946 616 3010 in
637 2945 746 3012 valore
770 2945 972 3033 baptismatis
995 2949 1093 3012 etiam
1116 2945 1157 3013 ab
1189 2948 1319 3015 infideli
1337 2947 1372 3013 bo
1396 2932 1402 2952 ³

302 3049 388 3114 mine
404 3046 631 3115 administrati.
651 3048 755 3115 Semel
777 3073 814 3116 ac
830 3052 914 3116 enim
936 3052 1148 3117 constitutum
1172 3060 1225 3119 est
1246 3048 1369 3142 general

302 3153 517 3240 principium,
537 3153 625 3242 quod
642 3155 807 3241 praeclare
829 3156 909 3222 adeo
932 3157 1087 3224 adversus
1109 3157 1294 3224 donatistas
1315 3174 1367 3222 ena-

302 3257 386 3322 cleat
404 3259 630 3343 Augustinus,
659 3269 870 3339 sacramenta,
894 3261 1001 3348 quoad
1024 3283 1121 3327 suum
1144 3264 1314 3343 effectum,
1332 3248 1414 3371 ne}

303 3381 368 3447 que
388 3381 414 3424 a
438 3360 499 3425 fide
521 3383 627 3447 neque
655 3384 673 3428 a
699 3365 866 3430 sanctitate
890 3365 1113 3430 ministrorum
1135 3367 1299 3452 pendere,
1317 3382 1365 3453 pro
1387 3372 1414 3456 Ι

302 3483 382 3528 num
411 3471 461 3528 est
488 3462 610 3530 inferre
640 3463 799 3551 baptisma
824 3467 930 3534 valere
963 3469 1030 3536 sive
1056 3491 1075 3536 a
1100 3479 1293 3558 peccatore,
1318 3452 1400 3536 siur

303 3565 344 3632 ab
361 3565 541 3648 haeretico,
563 3568 631 3636 sive
647 3570 745 3635 etiam
761 3569 800 3636 ab
821 3570 944 3636 infideli
966 3572 1094 3638 bomine
1116 3574 1161 3638 sit
1183 3574 1383 3642 administra*

302 3678 384 3737 tum.
409 3671 501 3750 Quae
528 3672 662 3759 quidem
688 3675 862 3742 veritatum
893 3677 960 3743 sive
988 3677 1162 3764 explicatio
1191 3680 1264 3748 sive
1291 3677 1414 3780 deda.

301 3777 368 3842 ctio
387 3777 415 3841 si
439 3798 458 3842 a
485 3777 612 3862 privato
640 3777 770 3845 doctore
797 3788 1007 3868 praestetur,
1030 3779 1291 3871 haudquaquam
1314 3800 1360 3850 corr
1388 3793 1414 3880 Ἰ

301 3881 411 3946 stituit
439 3880 514 3946 fidei
543 3880 720 3949 catholicae
749 3884 878 3971 dogma,
904 3885 992 3972 quod
1020 3886 1129 3952 fideles
1151 3880 1360 3977 impelleretl
1390 3894 1414 3970 Ι

301 4006 468 4062 assensum
492 3987 566 4053 iure
590 4009 650 4052 suo
673 3988 789 4054 debeat
813 3987 866 4077 (1)
891 3991 947 4056 Sin
970 4013 1047 4058 soro
1071 3991 1258 4078 dogmatico
1281 3997 1362 4063 decre
1391 3979 1414 4036 Ι

329 4140 385 4209 ,(1]
403 4145 611 4222 Waltemborgici
639 4149 689 4199 loc.
703 4150 747 4199 cit.
770 4146 796 4218 S.
849 4150 877 4204 lu
894 4149 1036 4219 consituto,
1052 4148 1123 4222 quoe
1144 4159 1256 4212 tontum
1276 4147 1362 4211 mod
1405 4123 1414 4138 A

308 4223 334 4282 3.
353 4231 518 4282 bacchabent
532 4233 797 4301 „Propostttoztt'ot-
851 4242 943 4291 tuate
963 4252 1019 4292 tsttc
1028 4241 1245 4308 amaseorum
1266 4235 1363 4314 ΜΗ
