<?xml version="1.0" encoding="UTF-8"?>
<!DOCTYPE html PUBLIC "-//W3C//DTD XHTML 1.0 Transitional//EN"
    "http://www.w3.org/TR/xhtml1/DTD/xhtml1-transitional.dtd">
<html xmlns="http://www.w3.org/1999/xhtml" xml:lang="en" lang="en">
 <head>
  <title>
</title>
<meta http-equiv="Content-Type" content="text/html;charset=utf-8" />
  <meta name='ocr-system' content='tesseract 3.04.00' />
  <meta name='ocr-capabilities' content='ocr_page ocr_carea ocr_par ocr_line ocrx_word'/>
</head>
<body>
  <div class='ocr_page' id='page_1' title='image "./deimmaculatobvm00perrgoog_0181.png"; bbox 0 0 2828 4904; ppageno 0'>
   <div class='ocr_carea' id='block_1_1' title="bbox 745 293 929 365">
    <p class='ocr_par' dir='ltr' id='par_1_1' title="bbox 745 293 929 365">
     <span class='ocr_line' id='line_1_1' title="bbox 745 293 929 365; baseline 0.027 -5"><span class='ocrx_word' id='word_1_1' title='bbox 745 293 929 365; x_wconf 82' lang='lat' dir='ltr'>-tdt-</span> 
     </span>
    </p>
   </div>
   <div class='ocr_carea' id='block_1_2' title="bbox 69 425 1386 625">
    <p class='ocr_par' dir='ltr' id='par_1_2' title="bbox 69 413 1386 625">
     <span class='ocr_line' id='line_1_2' title="bbox 95 425 1386 515; baseline 0.001 -20"><span class='ocrx_word' id='word_1_2' title='bbox 95 431 180 495; x_wconf 74' lang='lat' dir='ltr'>Quare</span> <span class='ocrx_word' id='word_1_3' title='bbox 199 443 220 480; x_wconf 79' lang='lat' dir='ltr'>r.</span> <span class='ocrx_word' id='word_1_4' title='bbox 334 461 339 481; x_wconf 59' lang='lat' dir='ltr'><em>s</em></span> <span class='ocrx_word' id='word_1_5' title='bbox 390 425 557 514; x_wconf 84' lang='lat' dir='ltr'><strong>Quidquid</strong></span> <span class='ocrx_word' id='word_1_6' title='bbox 569 427 653 490; x_wconf 91' lang='lat' dir='ltr'>enim</span> <span class='ocrx_word' id='word_1_7' title='bbox 665 425 704 492; x_wconf 92' lang='lat' dir='ltr'>de</span> <span class='ocrx_word' id='word_1_8' title='bbox 715 426 765 496; x_wconf 92' lang='lat' dir='ltr'>his</span> <span class='ocrx_word' id='word_1_9' title='bbox 781 428 904 492; x_wconf 91' lang='lat' dir='ltr'>criticis</span> <span class='ocrx_word' id='word_1_10' title='bbox 915 427 1211 515; x_wconf 88' lang='lat' dir='ltr'>disceptationibus</span> <span class='ocrx_word' id='word_1_11' title='bbox 1226 429 1279 509; x_wconf 85' lang='lat' dir='ltr'>sit,</span> <span class='ocrx_word' id='word_1_12' title='bbox 1294 429 1358 502; x_wconf 90' lang='lat' dir='ltr'>illul</span> <span class='ocrx_word' id='word_1_13' title='bbox 1385 503 1386 507; x_wconf 8' lang='grc' dir='ltr'><strong>Ἰ</strong></span> 
     </span>
     <span class='ocr_line' id='line_1_3' title="bbox 69 501 1352 625; baseline -0.004 -25"><span class='ocrx_word' id='word_1_14' title='bbox 69 501 248 621; x_wconf 51' lang='lat' dir='ltr'>ffiffflllffl</span> <span class='ocrx_word' id='word_1_15' title='bbox 269 552 277 568; x_wconf 90' lang='lat'><strong>·</strong></span> <span class='ocrx_word' id='word_1_16' title='bbox 299 538 406 608; x_wconf 73' lang='lat' dir='ltr'>&#39;ratum</span> <span class='ocrx_word' id='word_1_17' title='bbox 441 538 704 618; x_wconf 89' lang='lat' dir='ltr'>compertumque</span> <span class='ocrx_word' id='word_1_18' title='bbox 726 539 796 610; x_wconf 82' lang='lat' dir='ltr'>cst,</span> <span class='ocrx_word' id='word_1_19' title='bbox 822 554 847 596; x_wconf 88' lang='lat' dir='ltr'>s.</span> <span class='ocrx_word' id='word_1_20' title='bbox 872 517 1092 612; x_wconf 81' lang='lat' dir='ltr'>Bernardum‚</span> <span class='ocrx_word' id='word_1_21' title='bbox 1116 533 1265 622; x_wconf 88' lang='lat' dir='ltr'>aliosque</span> <span class='ocrx_word' id='word_1_22' title='bbox 1291 558 1352 625; x_wconf 78' lang='lat' dir='ltr'>quor</span> 
     </span>
    </p>
   </div>
   <div class='ocr_carea' id='block_1_3' title="bbox 69 633 1386 2167">
    <p class='ocr_par' dir='ltr' id='par_1_3' title="bbox 69 633 1386 2167">
     <span class='ocr_line' id='line_1_4' title="bbox 87 633 1349 723; baseline 0.012 -27"><span class='ocrx_word' id='word_1_23' title='bbox 87 655 229 722; x_wconf 57' lang='lat' dir='ltr'>mnessnn</span> <span class='ocrx_word' id='word_1_24' title='bbox 297 633 544 700; x_wconf 88' lang='lat' dir='ltr'>memoravimus</span> <span class='ocrx_word' id='word_1_25' title='bbox 567 635 725 713; x_wconf 83' lang='lat' dir='ltr'>doctores,</span> <span class='ocrx_word' id='word_1_26' title='bbox 743 636 775 699; x_wconf 94' lang='lat' dir='ltr'>in</span> <span class='ocrx_word' id='word_1_27' title='bbox 799 636 912 723; x_wconf 92' lang='lat' dir='ltr'>primis</span> <span class='ocrx_word' id='word_1_28' title='bbox 936 657 1011 701; x_wconf 87' lang='lat' dir='ltr'>vero</span> <span class='ocrx_word' id='word_1_29' title='bbox 1035 659 1060 701; x_wconf 92' lang='lat' dir='ltr'>s.</span> <span class='ocrx_word' id='word_1_30' title='bbox 1088 638 1256 719; x_wconf 87' lang='lat' dir='ltr'>Thomam‚</span> <span class='ocrx_word' id='word_1_31' title='bbox 1278 643 1349 711; x_wconf 77' lang='lat' dir='ltr'>adr</span> 
     </span>
     <span class='ocr_line' id='line_1_5' title="bbox 69 716 1386 831; baseline 0.005 -28"><span class='ocrx_word' id='word_1_32' title='bbox 69 716 245 831; x_wconf 50' lang='lat' dir='ltr'>{llffmnssull‘</span> <span class='ocrx_word' id='word_1_33' title='bbox 298 761 374 805; x_wconf 92' lang='lat' dir='ltr'>num</span> <span class='ocrx_word' id='word_1_34' title='bbox 391 761 505 804; x_wconf 56' lang='lat' dir='ltr'>&#39;ornnes</span> <span class='ocrx_word' id='word_1_35' title='bbox 529 748 674 803; x_wconf 87' lang='lat' dir='ltr'>sanctum</span> <span class='ocrx_word' id='word_1_36' title='bbox 697 738 848 805; x_wconf 91' lang='lat' dir='ltr'>habuisse</span> <span class='ocrx_word' id='word_1_37' title='bbox 872 741 996 806; x_wconf 87' lang='lat' dir='ltr'>Mariae</span> <span class='ocrx_word' id='word_1_38' title='bbox 1020 743 1167 827; x_wconf 79' lang='lat' dir='ltr'>Virginis</span> <span class='ocrx_word' id='word_1_39' title='bbox 1191 752 1347 824; x_wconf 81' lang='lat' dir='ltr'>ortum‚er</span> <span class='ocrx_word' id='word_1_40' title='bbox 1383 727 1386 790; x_wconf 77' lang='lat' dir='ltr'>j</span> 
     </span>
     <span class='ocr_line' id='line_1_6' title="bbox 77 841 1347 934; baseline 0.007 -33"><span class='ocrx_word' id='word_1_41' title='bbox 77 850 236 934; x_wconf 61' lang='lat' dir='ltr'>praedicare·</span> <span class='ocrx_word' id='word_1_42' title='bbox 299 842 453 929; x_wconf 88' lang='lat' dir='ltr'>impulsos</span> <span class='ocrx_word' id='word_1_43' title='bbox 475 842 611 919; x_wconf 87' lang='lat' dir='ltr'>ratione,</span> <span class='ocrx_word' id='word_1_44' title='bbox 636 841 723 927; x_wconf 90' lang='lat' dir='ltr'>quod</span> <span class='ocrx_word' id='word_1_45' title='bbox 739 841 811 906; x_wconf 89' lang='lat' dir='ltr'>cius</span> <span class='ocrx_word' id='word_1_46' title='bbox 835 843 1020 908; x_wconf 82' lang='lat' dir='ltr'>Natiuitatis</span> <span class='ocrx_word' id='word_1_47' title='bbox 1044 842 1242 911; x_wconf 74' lang='lat' dir='ltr'>sollemnitas</span> <span class='ocrx_word' id='word_1_48' title='bbox 1259 845 1347 929; x_wconf 67' lang='lat' dir='ltr'>alrllp</span> 
     </span>
     <span class='ocr_line' id='line_1_7' title="bbox 134 925 1345 1040; baseline 0.004 -29"><span class='ocrx_word' id='word_1_49' title='bbox 134 925 186 973; x_wconf 64' lang='lat'>&#39;¹¹¹²</span> <span class='ocrx_word' id='word_1_50' title='bbox 298 946 394 1012; x_wconf 80' lang='lat' dir='ltr'>alesia</span> <span class='ocrx_word' id='word_1_51' title='bbox 418 947 567 1013; x_wconf 92' lang='lat' dir='ltr'>universa</span> <span class='ocrx_word' id='word_1_52' title='bbox 591 945 820 1011; x_wconf 79' lang='lat' dir='ltr'><strong>celebraretur.</strong></span> <span class='ocrx_word' id='word_1_53' title='bbox 846 947 999 1025; x_wconf 78' lang='lat' dir='ltr'>Quamvis</span> <span class='ocrx_word' id='word_1_54' title='bbox 1016 957 1126 1013; x_wconf 91' lang='lat' dir='ltr'>uotum</span> <span class='ocrx_word' id='word_1_55' title='bbox 1151 949 1186 1014; x_wconf 90' lang='lat' dir='ltr'>id</span> <span class='ocrx_word' id='word_1_56' title='bbox 1210 951 1254 1015; x_wconf 90' lang='lat' dir='ltr'>sit</span> <span class='ocrx_word' id='word_1_57' title='bbox 1274 959 1345 1040; x_wconf 60' lang='lat' dir='ltr'>aare</span> 
     </span>
     <span class='ocr_line' id='line_1_8' title="bbox 298 1048 1344 1127; baseline 0.007 -13"><span class='ocrx_word' id='word_1_58' title='bbox 298 1050 338 1114; x_wconf 91' lang='lat' dir='ltr'>ab</span> <span class='ocrx_word' id='word_1_59' title='bbox 361 1049 509 1114; x_wconf 90' lang='lat' dir='ltr'>omnibus</span> <span class='ocrx_word' id='word_1_60' title='bbox 534 1048 718 1127; x_wconf 84' lang='lat' dir='ltr'>admissum,</span> <span class='ocrx_word' id='word_1_61' title='bbox 734 1049 855 1114; x_wconf 90' lang='lat' dir='ltr'>iuverit</span> <span class='ocrx_word' id='word_1_62' title='bbox 871 1058 974 1113; x_wconf 89' lang='lat' dir='ltr'>tamen</span> <span class='ocrx_word' id='word_1_63' title='bbox 1000 1058 1067 1114; x_wconf 92' lang='lat' dir='ltr'>tum</span> <span class='ocrx_word' id='word_1_64' title='bbox 1091 1050 1230 1118; x_wconf 78' lang='lat' dir='ltr'>abbatis</span> <span class='ocrx_word' id='word_1_65' title='bbox 1253 1054 1344 1123; x_wconf 78' lang='lat' dir='ltr'>clarae·</span> 
     </span>
     <span class='ocr_line' id='line_1_9' title="bbox 296 1153 1386 1254; baseline 0.006 -36"><span class='ocrx_word' id='word_1_66' title='bbox 296 1153 443 1219; x_wconf 85' lang='lat' dir='ltr'>vallensis</span> <span class='ocrx_word' id='word_1_67' title='bbox 458 1161 525 1217; x_wconf 92' lang='lat' dir='ltr'>tum</span> <span class='ocrx_word' id='word_1_68' title='bbox 537 1153 672 1238; x_wconf 83' lang='lat' dir='ltr'>angelici</span> <span class='ocrx_word' id='word_1_69' title='bbox 685 1153 833 1218; x_wconf 89' lang='lat' dir='ltr'>Doctoris</span> <span class='ocrx_word' id='word_1_70' title='bbox 846 1153 1025 1218; x_wconf 89' lang='lat' dir='ltr'>testimonia</span> <span class='ocrx_word' id='word_1_71' title='bbox 1038 1154 1238 1237; x_wconf 62' lang='lat' dir='ltr'>describere</span> <span class='ocrx_word' id='word_1_72' title='bbox 1251 1159 1355 1247; x_wconf 71' lang='lat' dir='ltr'>quippe,-</span> <span class='ocrx_word' id='word_1_73' title='bbox 1369 1245 1386 1254; x_wconf 46' lang='lat'>-</span> 
     </span>
     <span class='ocr_line' id='line_1_10' title="bbox 296 1257 1386 1349; baseline 0.007 -28"><span class='ocrx_word' id='word_1_74' title='bbox 296 1278 379 1344; x_wconf 91' lang='lat' dir='ltr'>quae</span> <span class='ocrx_word' id='word_1_75' title='bbox 403 1257 457 1321; x_wconf 90' lang='lat' dir='ltr'>lini</span> <span class='ocrx_word' id='word_1_76' title='bbox 481 1278 577 1344; x_wconf 89' lang='lat' dir='ltr'>quem</span> <span class='ocrx_word' id='word_1_77' title='bbox 601 1267 779 1345; x_wconf 89' lang='lat' dir='ltr'>spectamus</span> <span class='ocrx_word' id='word_1_78' title='bbox 795 1267 1043 1344; x_wconf 89' lang='lat' dir='ltr'>peropportuna.</span> <span class='ocrx_word' id='word_1_79' title='bbox 1060 1262 1149 1326; x_wconf 89' lang='lat' dir='ltr'>Haec</span> <span class='ocrx_word' id='word_1_80' title='bbox 1172 1284 1271 1349; x_wconf 91' lang='lat' dir='ltr'>porro</span> <span class='ocrx_word' id='word_1_81' title='bbox 1292 1268 1346 1341; x_wconf 60' lang='lat' dir='ltr'>sud</span> <span class='ocrx_word' id='word_1_82' title='bbox 1372 1330 1386 1343; x_wconf 73' lang='lat'>‚</span> 
     </span>
     <span class='ocr_line' id='line_1_11' title="bbox 228 1350 1386 1452; baseline 0.007 -28"><span class='ocrx_word' id='word_1_83' title='bbox 228 1392 235 1407; x_wconf 89' lang='lat'><strong>·</strong></span> <span class='ocrx_word' id='word_1_84' title='bbox 297 1382 380 1446; x_wconf 91' lang='lat' dir='ltr'>quae</span> <span class='ocrx_word' id='word_1_85' title='bbox 404 1361 498 1426; x_wconf 89' lang='lat' dir='ltr'>habet</span> <span class='ocrx_word' id='word_1_86' title='bbox 522 1383 547 1424; x_wconf 91' lang='lat' dir='ltr'>s.</span> <span class='ocrx_word' id='word_1_87' title='bbox 573 1361 757 1426; x_wconf 87' lang='lat' dir='ltr'>Bernardus</span> <span class='ocrx_word' id='word_1_88' title='bbox 775 1361 807 1424; x_wconf 93' lang='lat' dir='ltr'>in</span> <span class='ocrx_word' id='word_1_89' title='bbox 825 1360 959 1448; x_wconf 90' lang='lat' dir='ltr'>epistola</span> <span class='ocrx_word' id='word_1_90' title='bbox 982 1384 1079 1450; x_wconf 90' lang='lat' dir='ltr'>quam</span> <span class='ocrx_word' id='word_1_91' title='bbox 1102 1366 1238 1452; x_wconf 90' lang='lat' dir='ltr'>saepius</span> <span class='ocrx_word' id='word_1_92' title='bbox 1263 1365 1346 1432; x_wconf 74' lang='lat' dir='ltr'>laude</span> <span class='ocrx_word' id='word_1_93' title='bbox 1372 1350 1386 1407; x_wconf 45' lang='lat'>⁹·</span> 
     </span>
     <span class='ocr_line' id='line_1_12' title="bbox 297 1459 1348 1556; baseline 0.009 -28"><span class='ocrx_word' id='word_1_94' title='bbox 297 1464 401 1529; x_wconf 88' lang='lat' dir='ltr'>vimus</span> <span class='ocrx_word' id='word_1_95' title='bbox 419 1465 458 1529; x_wconf 92' lang='lat' dir='ltr'>ad</span> <span class='ocrx_word' id='word_1_96' title='bbox 474 1459 642 1550; x_wconf 89' lang='lat' dir='ltr'>canonicos</span> <span class='ocrx_word' id='word_1_97' title='bbox 666 1464 904 1552; x_wconf 89' lang='lat' dir='ltr'>lugdunenses:</span> <span class='ocrx_word' id='word_1_98' title='bbox 922 1466 1025 1532; x_wconf 85' lang='lat' dir='ltr'>Sedet</span> <span class='ocrx_word' id='word_1_99' title='bbox 1049 1480 1153 1533; x_wconf 84' lang='lat' dir='ltr'>artam</span> <span class='ocrx_word' id='word_1_100' title='bbox 1176 1468 1348 1556; x_wconf 64' lang='lat' dir='ltr'>Virginisdi</span> 
     </span>
     <span class='ocr_line' id='line_1_13' title="bbox 296 1561 1351 1643; baseline 0.01 -11"><span class='ocrx_word' id='word_1_101' title='bbox 296 1569 358 1632; x_wconf 78' lang='lat' dir='ltr'>dici</span> <span class='ocrx_word' id='word_1_102' title='bbox 378 1561 576 1636; x_wconf 80' lang='lat' dir='ltr'>aidilarninas</span> <span class='ocrx_word' id='word_1_103' title='bbox 603 1576 636 1636; x_wconf 88' lang='lat' dir='ltr'>in</span> <span class='ocrx_word' id='word_1_104' title='bbox 654 1571 793 1636; x_wconf 77' lang='lat' dir='ltr'>Ecclesia</span> <span class='ocrx_word' id='word_1_105' title='bbox 809 1582 838 1634; x_wconf 93' lang='lat' dir='ltr'>et</span> <span class='ocrx_word' id='word_1_106' title='bbox 858 1571 896 1636; x_wconf 83' lang='lat' dir='ltr'>ab</span> <span class='ocrx_word' id='word_1_107' title='bbox 921 1572 1059 1637; x_wconf 81' lang='lat' dir='ltr'>Ecclesia</span> <span class='ocrx_word' id='word_1_108' title='bbox 1082 1573 1295 1642; x_wconf 73' lang='lat' dir='ltr'>indubitanter</span> <span class='ocrx_word' id='word_1_109' title='bbox 1309 1575 1351 1643; x_wconf 67' lang='lat' dir='ltr'>le.</span> 
     </span>
     <span class='ocr_line' id='line_1_14' title="bbox 295 1666 1382 1762; baseline 0.009 -27"><span class='ocrx_word' id='word_1_110' title='bbox 295 1672 364 1737; x_wconf 84' lang='lat' dir='ltr'>lere</span> <span class='ocrx_word' id='word_1_111' title='bbox 377 1674 519 1758; x_wconf 70' lang='lat' dir='ltr'>festinam</span> <span class='ocrx_word' id='word_1_112' title='bbox 531 1685 623 1762; x_wconf 82' lang='lat' dir='ltr'>atqae</span> <span class='ocrx_word' id='word_1_113' title='bbox 638 1687 792 1751; x_wconf 84' lang='lat' dir='ltr'>sanctam,</span> <span class='ocrx_word' id='word_1_114' title='bbox 807 1678 976 1762; x_wconf 75' lang='lat' dir='ltr'>firmisseiree</span> <span class='ocrx_word' id='word_1_115' title='bbox 992 1698 1061 1740; x_wconf 89' lang='lat' dir='ltr'>cam</span> <span class='ocrx_word' id='word_1_116' title='bbox 1076 1677 1221 1742; x_wconf 79' lang='lat' dir='ltr'>Ecclesia</span> <span class='ocrx_word' id='word_1_117' title='bbox 1236 1684 1352 1757; x_wconf 70' lang='lat' dir='ltr'>sentila.</span> <span class='ocrx_word' id='word_1_118' title='bbox 1380 1666 1382 1674; x_wconf 17' lang='lat' dir='ltr'>l</span> 
     </span>
     <span class='ocr_line' id='line_1_15' title="bbox 296 1778 1354 1875; baseline 0.008 -36"><span class='ocrx_word' id='word_1_119' title='bbox 296 1781 329 1841; x_wconf 87' lang='lat' dir='ltr'>ia</span> <span class='ocrx_word' id='word_1_120' title='bbox 352 1788 438 1842; x_wconf 88' lang='lat' dir='ltr'>atero</span> <span class='ocrx_word' id='word_1_121' title='bbox 456 1799 522 1842; x_wconf 84' lang='lat' dir='ltr'>eam</span> <span class='ocrx_word' id='word_1_122' title='bbox 539 1783 688 1865; x_wconf 82' lang='lat' dir='ltr'>accepisse</span> <span class='ocrx_word' id='word_1_123' title='bbox 705 1788 740 1840; x_wconf 88' lang='lat' dir='ltr'>at</span> <span class='ocrx_word' id='word_1_124' title='bbox 758 1789 869 1842; x_wconf 90' lang='lat' dir='ltr'>saneta</span> <span class='ocrx_word' id='word_1_125' title='bbox 888 1778 1029 1866; x_wconf 84' lang='lat' dir='ltr'>prodiret</span> <span class='ocrx_word' id='word_1_126' title='bbox 1043 1826 1050 1842; x_wconf 93' lang='lat'><strong>.</strong></span> <span class='ocrx_word' id='word_1_127' title='bbox 1062 1803 1092 1842; x_wconf 91' lang='lat'>..·</span> <span class='ocrx_word' id='word_1_128' title='bbox 1106 1779 1171 1863; x_wconf 76' lang='lat' dir='ltr'>snit</span> <span class='ocrx_word' id='word_1_129' title='bbox 1186 1782 1354 1875; x_wconf 57' lang='lat' dir='ltr'>praculis}⁵</span> 
     </span>
     <span class='ocr_line' id='line_1_16' title="bbox 296 1879 1385 1977; baseline 0.01 -35"><span class='ocrx_word' id='word_1_130' title='bbox 296 1879 343 1943; x_wconf 85' lang='lat' dir='ltr'>lio</span> <span class='ocrx_word' id='word_1_131' title='bbox 367 1893 395 1944; x_wconf 89' lang='lat' dir='ltr'>et</span> <span class='ocrx_word' id='word_1_132' title='bbox 417 1881 522 1948; x_wconf 86' lang='lat' dir='ltr'>Mater</span> <span class='ocrx_word' id='word_1_133' title='bbox 551 1883 679 1946; x_wconf 82' lang='lat' dir='ltr'>Domini</span> <span class='ocrx_word' id='word_1_134' title='bbox 704 1893 776 1971; x_wconf 85' lang='lat' dir='ltr'>ante</span> <span class='ocrx_word' id='word_1_135' title='bbox 798 1894 907 1946; x_wconf 88' lang='lat' dir='ltr'>sancta</span> <span class='ocrx_word' id='word_1_136' title='bbox 929 1906 1023 1969; x_wconf 80' lang='lat' dir='ltr'>qaam</span> <span class='ocrx_word' id='word_1_137' title='bbox 1045 1895 1146 1949; x_wconf 87' lang='lat' dir='ltr'>nata:</span> <span class='ocrx_word' id='word_1_138' title='bbox 1169 1908 1231 1951; x_wconf 85' lang='lat' dir='ltr'>nee</span> <span class='ocrx_word' id='word_1_139' title='bbox 1253 1882 1385 1977; x_wconf 60' lang='lat' dir='ltr'>[ettad</span> 
     </span>
     <span class='ocr_line' id='line_1_17' title="bbox 296 1987 1369 2074; baseline 0.015 -27"><span class='ocrx_word' id='word_1_140' title='bbox 296 1991 419 2057; x_wconf 75' lang='lat' dir='ltr'>alanino</span> <span class='ocrx_word' id='word_1_141' title='bbox 450 1997 560 2050; x_wconf 88' lang='lat' dir='ltr'>sancte</span> <span class='ocrx_word' id='word_1_142' title='bbox 591 1987 727 2050; x_wconf 83' lang='lat' dir='ltr'>Ecclesia</span> <span class='ocrx_word' id='word_1_143' title='bbox 755 1997 896 2050; x_wconf 87' lang='lat' dir='ltr'>sanctam</span> <span class='ocrx_word' id='word_1_144' title='bbox 926 1999 1074 2074; x_wconf 81' lang='lat' dir='ltr'>reputans</span> <span class='ocrx_word' id='word_1_145' title='bbox 1097 1988 1288 2058; x_wconf 82' lang='lat' dir='ltr'>Nativitatis</span> <span class='ocrx_word' id='word_1_146' title='bbox 1311 1997 1369 2063; x_wconf 54' lang='grc' dir='ltr'>αῖ</span> 
     </span>
     <span class='ocr_line' id='line_1_18' title="bbox 295 2089 1386 2167; baseline 0.015 -17"><span class='ocrx_word' id='word_1_147' title='bbox 295 2089 385 2164; x_wconf 87' lang='lat' dir='ltr'>diem,</span> <span class='ocrx_word' id='word_1_148' title='bbox 407 2101 436 2153; x_wconf 90' lang='lat' dir='ltr'>et</span> <span class='ocrx_word' id='word_1_149' title='bbox 458 2095 542 2154; x_wconf 86' lang='lat' dir='ltr'>omni</span> <span class='ocrx_word' id='word_1_150' title='bbox 562 2112 644 2154; x_wconf 88' lang='lat' dir='ltr'>anno</span> <span class='ocrx_word' id='word_1_151' title='bbox 668 2112 737 2153; x_wconf 79' lang='lat' dir='ltr'>carn</span> <span class='ocrx_word' id='word_1_152' title='bbox 760 2092 950 2155; x_wconf 75' lang='lat' dir='ltr'>exaltatione</span> <span class='ocrx_word' id='word_1_153' title='bbox 967 2097 1131 2157; x_wconf 84' lang='lat' dir='ltr'>aniversae</span> <span class='ocrx_word' id='word_1_154' title='bbox 1146 2105 1259 2160; x_wconf 86' lang='lat' dir='ltr'>terrae</span> <span class='ocrx_word' id='word_1_155' title='bbox 1275 2101 1355 2162; x_wconf 68' lang='lat' dir='ltr'>endu</span> <span class='ocrx_word' id='word_1_156' title='bbox 1379 2160 1386 2167; x_wconf 88' lang='lat'>..</span> 
     </span>
    </p>
   </div>
   <div class='ocr_carea' id='block_1_4' title="bbox 296 2190 1353 2288">
    <p class='ocr_par' dir='ltr' id='par_1_4' title="bbox 296 2190 1353 2288">
     <span class='ocr_line' id='line_1_19' title="bbox 296 2190 1353 2288; baseline 0.011 -34"><span class='ocrx_word' id='word_1_157' title='bbox 296 2192 466 2257; x_wconf 79' lang='lat' dir='ltr'>celebritate</span> <span class='ocrx_word' id='word_1_158' title='bbox 485 2198 650 2282; x_wconf 75' lang='lat' dir='ltr'>suscipiens</span> <span class='ocrx_word' id='word_1_159' title='bbox 674 2190 727 2281; x_wconf 82' lang='lat' dir='ltr'>(l).</span> <span class='ocrx_word' id='word_1_160' title='bbox 757 2194 893 2261; x_wconf 90' lang='lat' dir='ltr'>Sanctus</span> <span class='ocrx_word' id='word_1_161' title='bbox 915 2217 992 2261; x_wconf 86' lang='lat' dir='ltr'>vero</span> <span class='ocrx_word' id='word_1_162' title='bbox 1016 2196 1168 2276; x_wconf 79' lang='lat' dir='ltr'>Thomas,</span> <span class='ocrx_word' id='word_1_163' title='bbox 1205 2196 1353 2288; x_wconf 77' lang='lat' dir='ltr'>propedit</span> 
     </span>
    </p>
   </div>
   <div class='ocr_carea' id='block_1_5' title="bbox 295 2388 1347 2483">
    <p class='ocr_par' dir='ltr' id='par_1_5' title="bbox 295 2388 1347 2483">
     <span class='ocr_line' id='line_1_20' title="bbox 295 2388 1347 2483; baseline 0.007 -17"><span class='ocrx_word' id='word_1_164' title='bbox 295 2416 376 2480; x_wconf 81' lang='lat' dir='ltr'>logias</span> <span class='ocrx_word' id='word_1_165' title='bbox 397 2420 547 2468; x_wconf 84' lang='lat' dir='ltr'>contrariam</span> <span class='ocrx_word' id='word_1_166' title='bbox 561 2418 691 2468; x_wconf 82' lang='lat' dir='ltr'>adstruere</span> <span class='ocrx_word' id='word_1_167' title='bbox 704 2421 805 2467; x_wconf 84' lang='lat' dir='ltr'>senteu-</span> <span class='ocrx_word' id='word_1_168' title='bbox 858 2388 1089 2481; x_wconf 66' lang='lat' dir='ltr'>sententismqnne</span> <span class='ocrx_word' id='word_1_169' title='bbox 1098 2417 1209 2481; x_wconf 82' lang='lat' dir='ltr'>qrridem</span> <span class='ocrx_word' id='word_1_170' title='bbox 1219 2413 1347 2483; x_wconf 60' lang='lat' dir='ltr'>ratim</span> 
     </span>
    </p>
   </div>
   <div class='ocr_carea' id='block_1_6' title="bbox 273 2486 1386 4255">
    <p class='ocr_par' dir='ltr' id='par_1_6' title="bbox 292 2486 1386 3752">
     <span class='ocr_line' id='line_1_21' title="bbox 298 2486 1386 2570; baseline 0.004 -21"><span class='ocrx_word' id='word_1_171' title='bbox 298 2504 357 2552; x_wconf 84' lang='lat' dir='ltr'>tiam</span> <span class='ocrx_word' id='word_1_172' title='bbox 370 2503 492 2570; x_wconf 73' lang='lat' dir='ltr'>rideatur,</span> <span class='ocrx_word' id='word_1_173' title='bbox 501 2503 590 2552; x_wconf 75' lang='lat' dir='ltr'>exinde</span> <span class='ocrx_word' id='word_1_174' title='bbox 603 2502 707 2569; x_wconf 85' lang='lat' dir='ltr'>lactum,</span> <span class='ocrx_word' id='word_1_175' title='bbox 717 2508 746 2551; x_wconf 92' lang='lat' dir='ltr'>ut</span> <span class='ocrx_word' id='word_1_176' title='bbox 759 2503 805 2551; x_wconf 88' lang='lat' dir='ltr'>im·</span> <span class='ocrx_word' id='word_1_177' title='bbox 858 2506 955 2565; x_wconf 76' lang='lat' dir='ltr'>rantur,</span> <span class='ocrx_word' id='word_1_178' title='bbox 975 2500 1196 2566; x_wconf 81' lang='lat' dir='ltr'>inisseeorrupta:</span> <span class='ocrx_word' id='word_1_179' title='bbox 1217 2514 1356 2563; x_wconf 68' lang='lat' dir='ltr'>veruinas-⁸</span> <span class='ocrx_word' id='word_1_180' title='bbox 1384 2486 1386 2493; x_wconf 45' lang='lat'>⁵</span> 
     </span>
     <span class='ocr_line' id='line_1_22' title="bbox 297 2570 1379 2653; baseline 0.005 -20"><span class='ocrx_word' id='word_1_181' title='bbox 297 2581 434 2636; x_wconf 84' lang='lat' dir='ltr'>maculatae</span> <span class='ocrx_word' id='word_1_182' title='bbox 446 2587 620 2649; x_wconf 83' lang='lat' dir='ltr'>Conceptionis</span> <span class='ocrx_word' id='word_1_183' title='bbox 637 2587 749 2638; x_wconf 80' lang='lat' dir='ltr'>uindices</span> <span class='ocrx_word' id='word_1_184' title='bbox 767 2586 804 2635; x_wconf 91' lang='lat' dir='ltr'>di·</span> <span class='ocrx_word' id='word_1_185' title='bbox 825 2588 827 2593; x_wconf 82' lang='grc'>’</span> <span class='ocrx_word' id='word_1_186' title='bbox 857 2587 924 2636; x_wconf 87' lang='lat' dir='ltr'>ditus</span> <span class='ocrx_word' id='word_1_187' title='bbox 945 2586 1011 2635; x_wconf 89' lang='lat' dir='ltr'>idem</span> <span class='ocrx_word' id='word_1_188' title='bbox 1032 2589 1121 2634; x_wconf 90' lang='lat' dir='ltr'>auctor</span> <span class='ocrx_word' id='word_1_189' title='bbox 1130 2586 1202 2638; x_wconf 84' lang='lat' dir='ltr'>Diss.</span> <span class='ocrx_word' id='word_1_190' title='bbox 1225 2590 1270 2638; x_wconf 89' lang='lat' dir='ltr'>cit.</span> <span class='ocrx_word' id='word_1_191' title='bbox 1289 2570 1379 2653; x_wconf 46' lang='lat' dir='ltr'>laltt&#39;fl&#39;:</span> 
     </span>
     <span class='ocr_line' id='line_1_23' title="bbox 293 2650 1371 2737; baseline 0.003 -20"><span class='ocrx_word' id='word_1_192' title='bbox 293 2683 380 2727; x_wconf 60' lang='lat' dir='ltr'>vversas</span> <span class='ocrx_word' id='word_1_193' title='bbox 389 2671 506 2720; x_wconf 76' lang='lat' dir='ltr'>intrarint</span> <span class='ocrx_word' id='word_1_194' title='bbox 516 2671 675 2737; x_wconf 47' lang='lat' dir='ltr'>viasgquibns</span> <span class='ocrx_word' id='word_1_195' title='bbox 684 2685 705 2720; x_wconf 86' lang='lat' dir='ltr'>s.</span> <span class='ocrx_word' id='word_1_196' title='bbox 716 2673 808 2721; x_wconf 77' lang='lat' dir='ltr'>tincto-</span> <span class='ocrx_word' id='word_1_197' title='bbox 860 2671 884 2720; x_wconf 91' lang='lat' dir='ltr'>id</span> <span class='ocrx_word' id='word_1_198' title='bbox 898 2685 952 2721; x_wconf 82' lang='lat' dir='ltr'>esse</span> <span class='ocrx_word' id='word_1_199' title='bbox 966 2670 1106 2719; x_wconf 89' lang='lat' dir='ltr'>luculenter</span> <span class='ocrx_word' id='word_1_200' title='bbox 1124 2671 1235 2723; x_wconf 82' lang='lat' dir='ltr'>evincit.</span> <span class='ocrx_word' id='word_1_201' title='bbox 1248 2673 1295 2722; x_wconf 85' lang='lat' dir='ltr'>dlii</span> <span class='ocrx_word' id='word_1_202' title='bbox 1304 2650 1371 2727; x_wconf 71' lang='lat' dir='ltr'>tenl-</span> 
     </span>
     <span class='ocr_line' id='line_1_24' title="bbox 297 2744 1358 2826; baseline 0.003 -22"><span class='ocrx_word' id='word_1_203' title='bbox 297 2770 350 2806; x_wconf 91' lang='lat' dir='ltr'>rem</span> <span class='ocrx_word' id='word_1_204' title='bbox 367 2757 398 2805; x_wconf 86' lang='lat' dir='ltr'>ad</span> <span class='ocrx_word' id='word_1_205' title='bbox 416 2758 471 2820; x_wconf 83' lang='lat' dir='ltr'>piae</span> <span class='ocrx_word' id='word_1_206' title='bbox 484 2759 620 2808; x_wconf 84' lang='lat' dir='ltr'>sententiae</span> <span class='ocrx_word' id='word_1_207' title='bbox 639 2759 805 2821; x_wconf 85' lang='lat' dir='ltr'>patrocinium</span> <span class='ocrx_word' id='word_1_208' title='bbox 859 2772 909 2821; x_wconf 87' lang='lat' dir='ltr'>que</span> <span class='ocrx_word' id='word_1_209' title='bbox 920 2758 998 2806; x_wconf 84' lang='lat' dir='ltr'>adnisi</span> <span class='ocrx_word' id='word_1_210' title='bbox 1011 2763 1068 2806; x_wconf 91' lang='lat' dir='ltr'>sunt</span> <span class='ocrx_word' id='word_1_211' title='bbox 1082 2759 1236 2826; x_wconf 83' lang='lat' dir='ltr'>ostendere,</span> <span class='ocrx_word' id='word_1_212' title='bbox 1248 2744 1358 2823; x_wconf 68' lang='lat' dir='ltr'>expridl</span> 
     </span>
     <span class='ocr_line' id='line_1_25' title="bbox 296 2841 1379 2911; baseline 0.005 -22"><span class='ocrx_word' id='word_1_213' title='bbox 296 2841 459 2905; x_wconf 82' lang='lat' dir='ltr'>adducerent.</span> <span class='ocrx_word' id='word_1_214' title='bbox 468 2843 599 2909; x_wconf 71' lang='lat' dir='ltr'>Nonnulli⁷</span> <span class='ocrx_word' id='word_1_215' title='bbox 609 2846 645 2893; x_wconf 90' lang='lat' dir='ltr'>uti</span> <span class='ocrx_word' id='word_1_216' title='bbox 655 2845 723 2893; x_wconf 87' lang='lat' dir='ltr'>card.</span> <span class='ocrx_word' id='word_1_217' title='bbox 734 2843 807 2894; x_wconf 86' lang='lat' dir='ltr'>Sion·</span> <span class='ocrx_word' id='word_1_218' title='bbox 858 2844 903 2907; x_wconf 85' lang='lat' dir='ltr'>piis</span> <span class='ocrx_word' id='word_1_219' title='bbox 914 2843 1047 2893; x_wconf 66' lang='lat' dir='ltr'>effluamus</span> <span class='ocrx_word' id='word_1_220' title='bbox 1056 2842 1222 2909; x_wconf 82' lang='lat' dir='ltr'>aliorumque</span> <span class='ocrx_word' id='word_1_221' title='bbox 1234 2844 1359 2909; x_wconf 75' lang='lat' dir='ltr'>illiusaettp</span> <span class='ocrx_word' id='word_1_222' title='bbox 1368 2902 1379 2911; x_wconf 93' lang='lat'>..</span> 
     </span>
     <span class='ocr_line' id='line_1_26' title="bbox 296 2923 1386 3007; baseline 0.001 -32"><span class='ocrx_word' id='word_1_223' title='bbox 296 2927 360 2976; x_wconf 83' lang='lat' dir='ltr'>drati</span> <span class='ocrx_word' id='word_1_224' title='bbox 373 2927 396 2975; x_wconf 88' lang='lat' dir='ltr'>in</span> <span class='ocrx_word' id='word_1_225' title='bbox 406 2940 446 2990; x_wconf 86' lang='lat' dir='ltr'>op·</span> <span class='ocrx_word' id='word_1_226' title='bbox 457 2923 613 2978; x_wconf 74' lang='lat' dir='ltr'>Innocentis</span> <span class='ocrx_word' id='word_1_227' title='bbox 624 2927 761 2980; x_wconf 81' lang='lat' dir='ltr'>vindicata</span> <span class='ocrx_word' id='word_1_228' title='bbox 772 2933 808 2991; x_wconf 83' lang='lat' dir='ltr'>ty·</span> <span class='ocrx_word' id='word_1_229' title='bbox 860 2928 891 2977; x_wconf 89' lang='lat' dir='ltr'>tis</span> <span class='ocrx_word' id='word_1_230' title='bbox 900 2928 1107 2978; x_wconf 82' lang='lat' dir='ltr'>scholasticorum</span> <span class='ocrx_word' id='word_1_231' title='bbox 1127 2929 1197 2978; x_wconf 85' lang='lat' dir='ltr'>circa</span> <span class='ocrx_word' id='word_1_232' title='bbox 1211 2925 1356 3007; x_wconf 63' lang='lat' dir='ltr'>generatioa&#39;p</span> <span class='ocrx_word' id='word_1_233' title='bbox 1384 2980 1386 2991; x_wconf 38' lang='lat'>¹</span> 
     </span>
     <span class='ocr_line' id='line_1_27' title="bbox 296 3006 1355 3078; baseline 0.003 -21"><span class='ocrx_word' id='word_1_234' title='bbox 296 3010 333 3074; x_wconf 87' lang='lat' dir='ltr'>pis</span> <span class='ocrx_word' id='word_1_235' title='bbox 346 3016 453 3061; x_wconf 82' lang='lat' dir='ltr'>monast.</span> <span class='ocrx_word' id='word_1_236' title='bbox 471 3024 491 3064; x_wconf 80' lang='lat' dir='ltr'>a·</span> <span class='ocrx_word' id='word_1_237' title='bbox 505 3011 568 3062; x_wconf 88' lang='lat' dir='ltr'>Galli</span> <span class='ocrx_word' id='word_1_238' title='bbox 579 3007 646 3066; x_wconf 77' lang='lat'>1695</span> <span class='ocrx_word' id='word_1_239' title='bbox 665 3013 688 3062; x_wconf 93' lang='lat' dir='ltr'>in</span> <span class='ocrx_word' id='word_1_240' title='bbox 706 3006 733 3078; x_wconf 76' lang='grc'>4,</span> <span class='ocrx_word' id='word_1_241' title='bbox 745 3013 808 3063; x_wconf 86' lang='lat' dir='ltr'>alte-</span> <span class='ocrx_word' id='word_1_242' title='bbox 860 3013 1029 3073; x_wconf 65' lang='lat' dir='ltr'>rationem‚ac</span> <span class='ocrx_word' id='word_1_243' title='bbox 1039 3013 1105 3062; x_wconf 86' lang='lat' dir='ltr'>circa</span> <span class='ocrx_word' id='word_1_244' title='bbox 1115 3013 1222 3062; x_wconf 89' lang='lat' dir='ltr'>modurn</span> <span class='ocrx_word' id='word_1_245' title='bbox 1234 3009 1355 3063; x_wconf 79' lang='lat' dir='ltr'>translusie</span> 
     </span>
     <span class='ocr_line' id='line_1_28' title="bbox 294 3096 1359 3162; baseline 0.001 -19"><span class='ocrx_word' id='word_1_246' title='bbox 294 3101 353 3157; x_wconf 80' lang='lat' dir='ltr'>gant</span> <span class='ocrx_word' id='word_1_247' title='bbox 363 3096 504 3145; x_wconf 85' lang='lat' dir='ltr'>testimonia</span> <span class='ocrx_word' id='word_1_248' title='bbox 521 3111 553 3149; x_wconf 84' lang='lat' dir='ltr'>ex</span> <span class='ocrx_word' id='word_1_249' title='bbox 570 3098 733 3162; x_wconf 84' lang='lat' dir='ltr'>supposititiis</span> <span class='ocrx_word' id='word_1_250' title='bbox 742 3111 807 3158; x_wconf 88' lang='lat' dir='ltr'>opu·</span> <span class='ocrx_word' id='word_1_251' title='bbox 860 3097 897 3145; x_wconf 91' lang='lat' dir='ltr'>nis</span> <span class='ocrx_word' id='word_1_252' title='bbox 911 3097 1006 3160; x_wconf 87' lang='lat' dir='ltr'>peceati</span> <span class='ocrx_word' id='word_1_253' title='bbox 1018 3097 1156 3160; x_wconf 70' lang='lat' dir='ltr'>originalis,</span> <span class='ocrx_word' id='word_1_254' title='bbox 1166 3097 1292 3162; x_wconf 86' lang='lat' dir='ltr'>huiusque</span> <span class='ocrx_word' id='word_1_255' title='bbox 1299 3098 1359 3146; x_wconf 52' lang='lat' dir='ltr'>aab</span> 
     </span>
     <span class='ocr_line' id='line_1_29' title="bbox 296 3173 1355 3246; baseline 0.001 -19"><span class='ocrx_word' id='word_1_256' title='bbox 296 3179 371 3227; x_wconf 85' lang='lat' dir='ltr'>scutis</span> <span class='ocrx_word' id='word_1_257' title='bbox 381 3193 400 3227; x_wconf 90' lang='lat' dir='ltr'>s.</span> <span class='ocrx_word' id='word_1_258' title='bbox 408 3179 530 3246; x_wconf 63' lang='lat' dir='ltr'>Thomna</span> <span class='ocrx_word' id='word_1_259' title='bbox 539 3180 679 3230; x_wconf 77' lang='lat' dir='ltr'>cuiusmodi</span> <span class='ocrx_word' id='word_1_260' title='bbox 689 3173 753 3228; x_wconf 73' lang='lat' dir='ltr'>estd</span> <span class='ocrx_word' id='word_1_261' title='bbox 765 3177 806 3231; x_wconf 88' lang='lat' dir='ltr'>De</span> <span class='ocrx_word' id='word_1_262' title='bbox 859 3192 987 3243; x_wconf 64' lang='lat' dir='ltr'>ranneum</span> <span class='ocrx_word' id='word_1_263' title='bbox 997 3178 1065 3246; x_wconf 86' lang='lat' dir='ltr'>nulla</span> <span class='ocrx_word' id='word_1_264' title='bbox 1077 3180 1180 3230; x_wconf 84' lang='lat' dir='ltr'>ratione</span> <span class='ocrx_word' id='word_1_265' title='bbox 1192 3180 1219 3230; x_wconf 92' lang='lat' dir='ltr'>in</span> <span class='ocrx_word' id='word_1_266' title='bbox 1230 3180 1355 3241; x_wconf 65' lang='lat' dir='ltr'>lociana·</span> 
     </span>
     <span class='ocr_line' id='line_1_30' title="bbox 295 3258 1355 3328; baseline -0.001 -17"><span class='ocrx_word' id='word_1_267' title='bbox 295 3258 455 3313; x_wconf 80' lang='lat' dir='ltr'>salutatione</span> <span class='ocrx_word' id='word_1_268' title='bbox 464 3259 593 3328; x_wconf 66' lang='lat' dir='ltr'>angelica:</span> <span class='ocrx_word' id='word_1_269' title='bbox 604 3264 661 3314; x_wconf 92' lang='lat' dir='ltr'>dein</span> <span class='ocrx_word' id='word_1_270' title='bbox 674 3278 706 3314; x_wconf 82' lang='lat' dir='ltr'>ex</span> <span class='ocrx_word' id='word_1_271' title='bbox 718 3277 805 3327; x_wconf 88' lang='lat' dir='ltr'>opusc.</span> <span class='ocrx_word' id='word_1_272' title='bbox 858 3277 889 3313; x_wconf 82' lang='lat' dir='ltr'>ex</span> <span class='ocrx_word' id='word_1_273' title='bbox 898 3264 951 3327; x_wconf 89' lang='lat' dir='ltr'>ipso</span> <span class='ocrx_word' id='word_1_274' title='bbox 960 3262 1065 3327; x_wconf 86' lang='lat' dir='ltr'>aliisque</span> <span class='ocrx_word' id='word_1_275' title='bbox 1077 3263 1233 3314; x_wconf 82' lang='lat' dir='ltr'>scholasticis</span> <span class='ocrx_word' id='word_1_276' title='bbox 1244 3263 1355 3314; x_wconf 76' lang='lat' dir='ltr'>adducun-</span> 
     </span>
     <span class='ocr_line' id='line_1_31' title="bbox 293 3343 1346 3413; baseline 0.002 -19"><span class='ocrx_word' id='word_1_277' title='bbox 293 3343 312 3394; x_wconf 84' lang='lat'><strong>6</strong></span> <span class='ocrx_word' id='word_1_278' title='bbox 324 3347 398 3396; x_wconf 87' lang='lat' dir='ltr'>verba</span> <span class='ocrx_word' id='word_1_279' title='bbox 405 3346 540 3410; x_wconf 87' lang='lat' dir='ltr'>proterunt</span> <span class='ocrx_word' id='word_1_280' title='bbox 548 3364 580 3398; x_wconf 84' lang='lat' dir='ltr'>ex</span> <span class='ocrx_word' id='word_1_281' title='bbox 587 3345 758 3400; x_wconf 76' lang='lat' dir='ltr'>Commentis</span> <span class='ocrx_word' id='word_1_282' title='bbox 769 3344 806 3398; x_wconf 90' lang='lat' dir='ltr'>E·</span> <span class='ocrx_word' id='word_1_283' title='bbox 826 3384 829 3391; x_wconf 82' lang='lat'>-</span> <span class='ocrx_word' id='word_1_284' title='bbox 857 3353 909 3413; x_wconf 73' lang='lat' dir='ltr'>tur,</span> <span class='ocrx_word' id='word_1_285' title='bbox 927 3348 982 3413; x_wconf 80' lang='lat' dir='ltr'>piae</span> <span class='ocrx_word' id='word_1_286' title='bbox 995 3349 1121 3398; x_wconf 84' lang='lat' dir='ltr'>adversari</span> <span class='ocrx_word' id='word_1_287' title='bbox 1135 3348 1288 3398; x_wconf 82' lang='lat' dir='ltr'>sententiae:</span> <span class='ocrx_word' id='word_1_288' title='bbox 1303 3353 1346 3408; x_wconf 74' lang='lat' dir='ltr'>cett</span> 
     </span>
     <span class='ocr_line' id='line_1_32' title="bbox 292 3422 1386 3502; baseline -0.003 -22"><span class='ocrx_word' id='word_1_289' title='bbox 292 3429 355 3498; x_wconf 78' lang='lat' dir='ltr'>pist.</span> <span class='ocrx_word' id='word_1_290' title='bbox 367 3429 404 3483; x_wconf 85' lang='lat' dir='ltr'>ad</span> <span class='ocrx_word' id='word_1_291' title='bbox 419 3428 532 3484; x_wconf 85' lang='lat' dir='ltr'>Galatas</span> <span class='ocrx_word' id='word_1_292' title='bbox 543 3438 568 3482; x_wconf 91' lang='lat' dir='ltr'>et</span> <span class='ocrx_word' id='word_1_293' title='bbox 581 3447 613 3483; x_wconf 84' lang='lat' dir='ltr'>ex</span> <span class='ocrx_word' id='word_1_294' title='bbox 625 3429 766 3484; x_wconf 80' lang='lat' dir='ltr'>Comment-</span> <span class='ocrx_word' id='word_1_295' title='bbox 778 3428 807 3484; x_wconf 86' lang='lat' dir='ltr'>in</span> <span class='ocrx_word' id='word_1_296' title='bbox 859 3431 925 3482; x_wconf 84' lang='lat' dir='ltr'>inter</span> <span class='ocrx_word' id='word_1_297' title='bbox 943 3431 1036 3482; x_wconf 84' lang='lat' dir='ltr'>eminet</span> <span class='ocrx_word' id='word_1_298' title='bbox 1047 3432 1138 3480; x_wconf 88' lang='lat' dir='ltr'>doctus</span> <span class='ocrx_word' id='word_1_299' title='bbox 1156 3446 1184 3495; x_wconf 91' lang='lat' dir='ltr'>p.</span> <span class='ocrx_word' id='word_1_300' title='bbox 1203 3422 1345 3482; x_wconf 71' lang='lat' dir='ltr'>niceana</span> <span class='ocrx_word' id='word_1_301' title='bbox 1381 3494 1386 3502; x_wconf 26' lang='grc' dir='ltr'>ι</span> 
     </span>
     <span class='ocr_line' id='line_1_33' title="bbox 294 3494 1342 3584; baseline -0.01 -12"><span class='ocrx_word' id='word_1_302' title='bbox 294 3515 382 3584; x_wconf 82' lang='lat' dir='ltr'>Epist.</span> <span class='ocrx_word' id='word_1_303' title='bbox 400 3515 437 3569; x_wconf 84' lang='lat' dir='ltr'>ad</span> <span class='ocrx_word' id='word_1_304' title='bbox 456 3513 547 3569; x_wconf 71' lang='lat' dir='ltr'>llam:</span> <span class='ocrx_word' id='word_1_305' title='bbox 565 3533 641 3583; x_wconf 88' lang='lat' dir='ltr'>quem</span> <span class='ocrx_word' id='word_1_306' title='bbox 653 3519 805 3568; x_wconf 83' lang='lat' dir='ltr'>cardinalem</span> <span class='ocrx_word' id='word_1_307' title='bbox 857 3517 963 3567; x_wconf 82' lang='lat' dir='ltr'>chorius</span> <span class='ocrx_word' id='word_1_308' title='bbox 981 3517 1007 3567; x_wconf 91' lang='lat' dir='ltr'>in</span> <span class='ocrx_word' id='word_1_309' title='bbox 1025 3515 1069 3565; x_wconf 88' lang='lat' dir='ltr'>cit.</span> <span class='ocrx_word' id='word_1_310' title='bbox 1089 3517 1215 3579; x_wconf 88' lang='lat' dir='ltr'>opusculo</span> <span class='ocrx_word' id='word_1_311' title='bbox 1227 3494 1342 3583; x_wconf 19' lang='lat' dir='ltr'>:idapelll</span> 
     </span>
     <span class='ocr_line' id='line_1_34' title="bbox 292 3588 1340 3668; baseline -0.001 -17"><span class='ocrx_word' id='word_1_312' title='bbox 292 3599 340 3651; x_wconf 80' lang='lat' dir='ltr'>hac</span> <span class='ocrx_word' id='word_1_313' title='bbox 350 3602 376 3650; x_wconf 91' lang='lat' dir='ltr'>in</span> <span class='ocrx_word' id='word_1_314' title='bbox 387 3615 416 3653; x_wconf 91' lang='lat' dir='ltr'>re</span> <span class='ocrx_word' id='word_1_315' title='bbox 427 3602 513 3664; x_wconf 87' lang='lat' dir='ltr'>plures</span> <span class='ocrx_word' id='word_1_316' title='bbox 531 3603 583 3653; x_wconf 84' lang='lat' dir='ltr'>sire</span> <span class='ocrx_word' id='word_1_317' title='bbox 599 3602 755 3667; x_wconf 83' lang='lat' dir='ltr'>antiquiores</span> <span class='ocrx_word' id='word_1_318' title='bbox 773 3601 808 3652; x_wconf 87' lang='lat' dir='ltr'>si·</span> <span class='ocrx_word' id='word_1_319' title='bbox 860 3598 983 3653; x_wconf 81' lang='lat' dir='ltr'>Daetacis</span> <span class='ocrx_word' id='word_1_320' title='bbox 999 3614 1021 3650; x_wconf 84' lang='lat' dir='ltr'>s.</span> <span class='ocrx_word' id='word_1_321' title='bbox 1044 3594 1160 3650; x_wconf 84' lang='lat' dir='ltr'>Tdamae</span> <span class='ocrx_word' id='word_1_322' title='bbox 1181 3588 1340 3668; x_wconf 74' lang='lat' dir='ltr'>Aqnnattt</span> 
     </span>
     <span class='ocr_line' id='line_1_35' title="bbox 292 3675 1338 3752; baseline -0.005 -17"><span class='ocrx_word' id='word_1_323' title='bbox 292 3698 325 3746; x_wconf 70' lang='lat' dir='ltr'>re</span> <span class='ocrx_word' id='word_1_324' title='bbox 336 3685 489 3749; x_wconf 85' lang='lat' dir='ltr'>posteriores</span> <span class='ocrx_word' id='word_1_325' title='bbox 509 3687 549 3736; x_wconf 84' lang='lat' dir='ltr'>ret</span> <span class='ocrx_word' id='word_1_326' title='bbox 563 3692 753 3751; x_wconf 78' lang='lat' dir='ltr'>praecesserunt</span> <span class='ocrx_word' id='word_1_327' title='bbox 765 3686 805 3737; x_wconf 85' lang='lat' dir='ltr'>vet</span> <span class='ocrx_word' id='word_1_328' title='bbox 859 3681 1024 3736; x_wconf 80' lang='lat' dir='ltr'>beatissimae</span> <span class='ocrx_word' id='word_1_329' title='bbox 1037 3680 1156 3750; x_wconf 71' lang='lat' dir='ltr'>Virginis</span> <span class='ocrx_word' id='word_1_330' title='bbox 1170 3680 1298 3752; x_wconf 82' lang='lat' dir='ltr'>Deiparae</span> <span class='ocrx_word' id='word_1_331' title='bbox 1311 3675 1338 3730; x_wconf 75' lang='lat' dir='ltr'>ia</span> 
     </span>
    </p>

    <p class='ocr_par' dir='ltr' id='par_1_7' title="bbox 273 3762 1371 4255">
     <span class='ocr_line' id='line_1_36' title="bbox 273 3762 1334 3832; baseline -0.007 -14"><span class='ocrx_word' id='word_1_332' title='bbox 273 3819 277 3828; x_wconf 79' lang='grc'><strong>,</strong></span> <span class='ocrx_word' id='word_1_333' title='bbox 293 3770 374 3818; x_wconf 86' lang='lat' dir='ltr'>secuti</span> <span class='ocrx_word' id='word_1_334' title='bbox 391 3774 458 3818; x_wconf 87' lang='lat' dir='ltr'>sunt.</span> <span class='ocrx_word' id='word_1_335' title='bbox 471 3767 506 3818; x_wconf 75' lang='lat' dir='ltr'>At</span> <span class='ocrx_word' id='word_1_336' title='bbox 525 3769 557 3819; x_wconf 83' lang='lat' dir='ltr'>tr.</span> <span class='ocrx_word' id='word_1_337' title='bbox 572 3771 715 3820; x_wconf 82' lang='lat' dir='ltr'>iterandus</span> <span class='ocrx_word' id='word_1_338' title='bbox 726 3769 806 3819; x_wconf 65' lang='grc' dir='ltr'><strong>Μανία</strong></span> <span class='ocrx_word' id='word_1_339' title='bbox 856 3763 990 3827; x_wconf 71' lang='lat' dir='ltr'>amuleta</span> <span class='ocrx_word' id='word_1_340' title='bbox 1005 3762 1189 3832; x_wconf 80' lang='lat' dir='ltr'>Concepta&#39;ane3</span> <span class='ocrx_word' id='word_1_341' title='bbox 1208 3768 1334 3817; x_wconf 71' lang='lat' dir='ltr'>ettamen</span> 
     </span>
     <span class='ocr_line' id='line_1_37' title="bbox 294 3842 1371 3922; baseline -0.004 -19"><span class='ocrx_word' id='word_1_342' title='bbox 294 3854 425 3922; x_wconf 77' lang='lat' dir='ltr'>dettubeis</span> <span class='ocrx_word' id='word_1_343' title='bbox 435 3855 460 3903; x_wconf 90' lang='lat' dir='ltr'>in</span> <span class='ocrx_word' id='word_1_344' title='bbox 471 3850 665 3906; x_wconf 76' lang='lat' dir='ltr'>sutsDissertat·</span> <span class='ocrx_word' id='word_1_345' title='bbox 676 3851 772 3905; x_wconf 83' lang='lat' dir='ltr'>criticis</span> <span class='ocrx_word' id='word_1_346' title='bbox 782 3857 807 3906; x_wconf 92' lang='lat' dir='ltr'>et</span> <span class='ocrx_word' id='word_1_347' title='bbox 859 3852 990 3903; x_wconf 82' lang='lat' dir='ltr'>Thomain</span> <span class='ocrx_word' id='word_1_348' title='bbox 1005 3865 1050 3901; x_wconf 91' lang='lat' dir='ltr'>suo</span> <span class='ocrx_word' id='word_1_349' title='bbox 1060 3850 1144 3916; x_wconf 83' lang='lat' dir='ltr'>Cursu</span> <span class='ocrx_word' id='word_1_350' title='bbox 1153 3842 1335 3916; x_wconf 70' lang='lat' dir='ltr'>tueotogteopd,</span> <span class='ocrx_word' id='word_1_351' title='bbox 1369 3898 1371 3907; x_wconf 77' lang='grc'><strong>,</strong></span> 
     </span>
     <span class='ocr_line' id='line_1_38' title="bbox 293 3931 1369 4007; baseline -0.008 -20"><span class='ocrx_word' id='word_1_352' title='bbox 293 3933 473 4004; x_wconf 75' lang='lat' dir='ltr'>apologeticis·</span> <span class='ocrx_word' id='word_1_353' title='bbox 495 3937 586 3987; x_wconf 82' lang='lat' dir='ltr'>Vcnet.</span> <span class='ocrx_word' id='word_1_354' title='bbox 605 3932 675 3989; x_wconf 76' lang='lat'>1750</span> <span class='ocrx_word' id='word_1_355' title='bbox 697 3939 807 3988; x_wconf 89' lang='lat' dir='ltr'>ostendit</span> <span class='ocrx_word' id='word_1_356' title='bbox 860 3943 900 3988; x_wconf 92' lang='lat' dir='ltr'>ter</span> <span class='ocrx_word' id='word_1_357' title='bbox 910 3937 1052 4001; x_wconf 79' lang='lat' dir='ltr'>aitquibus</span> <span class='ocrx_word' id='word_1_358' title='bbox 1062 3950 1109 3999; x_wconf 83' lang='lat' dir='ltr'>ego</span> <span class='ocrx_word' id='word_1_359' title='bbox 1119 3936 1230 3986; x_wconf 90' lang='lat' dir='ltr'>libenter</span> <span class='ocrx_word' id='word_1_360' title='bbox 1240 3931 1336 3986; x_wconf 82' lang='lat' dir='ltr'>assentiat·</span> <span class='ocrx_word' id='word_1_361' title='bbox 1366 4002 1369 4007; x_wconf 21' lang='grc' dir='ltr'>Ι</span> 
     </span>
     <span class='ocr_line' id='line_1_39' title="bbox 293 4017 1326 4086; baseline -0.003 -15"><span class='ocrx_word' id='word_1_362' title='bbox 293 4037 323 4071; x_wconf 87' lang='lat' dir='ltr'>ea</span> <span class='ocrx_word' id='word_1_363' title='bbox 332 4036 388 4082; x_wconf 78' lang='lat' dir='ltr'>esse</span> <span class='ocrx_word' id='word_1_364' title='bbox 399 4024 532 4072; x_wconf 80' lang='lat' dir='ltr'>adscititia.</span> <span class='ocrx_word' id='word_1_365' title='bbox 541 4021 592 4071; x_wconf 78' lang='lat' dir='ltr'>dlii</span> <span class='ocrx_word' id='word_1_366' title='bbox 611 4036 643 4073; x_wconf 91' lang='lat' dir='ltr'>eo</span> <span class='ocrx_word' id='word_1_367' title='bbox 661 4037 687 4072; x_wconf 92' lang='lat' dir='ltr'>se</span> <span class='ocrx_word' id='word_1_368' title='bbox 705 4036 808 4086; x_wconf 88' lang='lat' dir='ltr'>recepe·</span> <span class='ocrx_word' id='word_1_369' title='bbox 860 4023 909 4073; x_wconf 78' lang='lat' dir='ltr'>Adi</span> <span class='ocrx_word' id='word_1_370' title='bbox 921 4037 986 4086; x_wconf 84' lang='lat' dir='ltr'>quae</span> <span class='ocrx_word' id='word_1_371' title='bbox 998 4021 1142 4085; x_wconf 89' lang='lat' dir='ltr'>scripsimus</span> <span class='ocrx_word' id='word_1_372' title='bbox 1152 4023 1182 4073; x_wconf 78' lang='grc' dir='ltr'>Ρ.</span> <span class='ocrx_word' id='word_1_373' title='bbox 1197 4022 1220 4070; x_wconf 88' lang='grc' dir='ltr'>Ι.</span> <span class='ocrx_word' id='word_1_374' title='bbox 1232 4036 1282 4086; x_wconf 81' lang='lat' dir='ltr'>cap.</span> <span class='ocrx_word' id='word_1_375' title='bbox 1293 4017 1326 4068; x_wconf 84' lang='lat' dir='ltr'>lll-</span> 
     </span>
     <span class='ocr_line' id='line_1_40' title="bbox 296 4100 1244 4174; baseline -0.002 -19"><span class='ocrx_word' id='word_1_376' title='bbox 296 4112 356 4155; x_wconf 83' lang='lat' dir='ltr'>runt</span> <span class='ocrx_word' id='word_1_377' title='bbox 367 4138 376 4172; x_wconf 75' lang='lat'>‚</span> <span class='ocrx_word' id='word_1_378' title='bbox 387 4113 415 4155; x_wconf 92' lang='lat' dir='ltr'>ut</span> <span class='ocrx_word' id='word_1_379' title='bbox 427 4109 609 4157; x_wconf 84' lang='lat' dir='ltr'>contenderent</span> <span class='ocrx_word' id='word_1_380' title='bbox 622 4108 662 4157; x_wconf 89' lang='lat' dir='ltr'>illa</span> <span class='ocrx_word' id='word_1_381' title='bbox 674 4106 807 4171; x_wconf 77' lang='lat' dir='ltr'>Aquinatis</span> <span class='ocrx_word' id='word_1_382' title='bbox 896 4102 939 4174; x_wconf 81' lang='lat' dir='ltr'>¹(i)</span> <span class='ocrx_word' id='word_1_383' title='bbox 951 4107 1030 4171; x_wconf 84' lang='lat' dir='ltr'>Epist.</span> <span class='ocrx_word' id='word_1_384' title='bbox 1039 4107 1083 4157; x_wconf 89' lang='lat' dir='ltr'>cit.</span> <span class='ocrx_word' id='word_1_385' title='bbox 1096 4120 1121 4157; x_wconf 90' lang='lat' dir='ltr'>n.</span> <span class='ocrx_word' id='word_1_386' title='bbox 1140 4100 1168 4158; x_wconf 83' lang='lat'>3.</span> <span class='ocrx_word' id='word_1_387' title='bbox 1179 4112 1207 4159; x_wconf 90' lang='lat' dir='ltr'>et</span> <span class='ocrx_word' id='word_1_388' title='bbox 1218 4101 1244 4159; x_wconf 88' lang='lat'>5.</span> 
     </span>
     <span class='ocr_line' id='line_1_41' title="bbox 290 4189 809 4255; baseline 0.004 -17"><span class='ocrx_word' id='word_1_389' title='bbox 290 4189 346 4239; x_wconf 88' lang='lat' dir='ltr'>loca</span> <span class='ocrx_word' id='word_1_390' title='bbox 365 4191 390 4240; x_wconf 91' lang='lat' dir='ltr'>in</span> <span class='ocrx_word' id='word_1_391' title='bbox 408 4192 499 4255; x_wconf 73' lang='lat' dir='ltr'>quilius</span> <span class='ocrx_word' id='word_1_392' title='bbox 520 4192 674 4242; x_wconf 87' lang='lat' dir='ltr'>contrariam</span> <span class='ocrx_word' id='word_1_393' title='bbox 703 4192 809 4242; x_wconf 86' lang='lat' dir='ltr'>adstruit</span> 
     </span>
    </p>
   </div>
   <div class='ocr_carea' id='block_1_7' title="bbox 0 0 1418 4904">
    <p class='ocr_par' dir='ltr' id='par_1_8' title="bbox 0 0 1418 4904">
     <span class='ocr_line' id='line_1_42' title="bbox 0 0 1418 4904; baseline 0 0"><span class='ocrx_word' id='word_1_394' title='bbox 0 0 1418 4904; x_wconf 95' lang='lat' dir='ltr'> </span> 
     </span>
    </p>
   </div>
  </div>
 </body>
</html>
