2828 4904
28 1175 246 1232 ommn-

69 1249 247 1302 wmw-

70 1322 245 1384 mmm.

70 1392 245 1456 mmm

746 303 922 374 ...90-

252 478 255 485 .
298 423 379 511 ginis
408 445 524 510 corpus
550 432 646 510 atque
674 425 831 502 animam,
856 448 912 491 seu
939 432 1034 490 totam
1059 430 1184 496 Mariae
1202 453 1355 518 personam
1398 425 1399 431 ἵ

291 529 337 594 ita
349 527 542 606 aedificasse,
553 528 601 592 ιιιι
609 527 753 592 Bezeleel
763 527 1027 594 tabernaculum
1011 540 1237 600 construxerat
1239 559 1352 622 ,quem

292 633 460 700 admodum
484 655 509 698 s
523 633 680 720 Ephraem
701 655 737 699 ac
763 642 856 701 vetus
875 642 988 700 auctor
1007 637 1132 703 nomine
1156 660 1182 703 s.
1199 641 1247 705 lo
1266 641 1352 730 Clup-

293 738 422 802 snstomi
435 737 617 820 affirmant3‘
608 758 704 802 immo
715 745 747 802 et
758 727 799 802 ex
810 737 905 824 lignis
918 740 1117 826 corruptioni
1129 763 1192 808 non
1204 743 1350 822 obnoxiis,

293 841 378 908 sieut
394 841 479 905 aits
454 840 708 928 sHippolythus
731 849 863 929 martyr,
885 842 967 906 adeo·
987 851 1024 907 ut
1046 843 1138 910 beata
1161 846 1241 912 baec
1257 848 1356 934 Virgo,

293 951 428 1009 testante
444 965 468 1008 s
485 943 665 1021 Ambrosio,
681 943 782 1010 luerit
794 953 1003 1034 pergratiam
1015 949 1052 1014 ab
1069 955 1154 1016 omni
1166 953 1356 1037 intepretata

291 1053 423 1134 peceati.

386 1150 449 1216 Sed
472 1169 576 1242 neque
605 1160 676 1238 post
697 1153 917 1238 Augustinum
946 1163 1154 1247 exortumque
1175 1156 1353 1243 pelagianam
1380 1153 1401 1214 l!

297 1251 485 1317 baeresim
476 1275 509 1317 m
537 1253 687 1319 Patribus
713 1262 810 1342 atque
831 1255 1056 1321 ecclesiasticis
1052 1256 1301 1360 scriptoribus
1316 1258 1359 1323 ist

296 1355 373 1420 baec
394 1355 541 1421 sublimis
568 1355 607 1422 de
629 1357 808 1424 omnimoda
831 1361 867 1424 B
891 1358 1035 1444 Virginis
1052 1332 1229 1454 sanctitate
1265 1360 1359 1447 opinior

296 1457 440 1544 elanguit
463 1467 519 1523 ant
541 1458 610 1524 loco
632 1461 738 1526 cessit.
764 1462 883 1541 Quin
873 1483 969 1528 ammo
990 1462 1090 1548 magis
1111 1463 1147 1529 in
1166 1463 1236 1530 dies
1258 1485 1296 1529 ac
1309 1482 1362 1533 ma.

296 1562 346 1647 gis
369 1583 409 1627 ex
433 1583 470 1626 eo
501 1571 641 1650 tempore
670 1563 842 1630 increbuit.
872 1565 999 1632 Etenim
1036 1587 1098 1630 uon
1124 1566 1230 1635 solnm
1253 1573 1287 1632 et
1313 1564 1370 1652 ipsi.

295 1666 399 1731 avitae
422 1666 604 1732 traditionis
622 1667 711 1732 filum
733 1666 917 1756 producunt
938 1677 1116 1756 spectantes
1139 1671 1177 1734 Β.
1209 1670 1361 1756 virginea-

297 1770 380 1834 uti'a
398 1771 525 1835 Christo
542 1793 599 1836 seu
616 1773 724 1858 potius
748 1795 766 1837 a
789 1771 896 1838 Verbo
912 1773 982 1859 ipso
998 1781 1148 1860 tanquam
1164 1773 1200 1838 in
1212 1774 1362 1860 templana

295 1880 352 1938 ant
374 1872 617 1940 tabernaculum
640 1874 703 1940 sibi
721 1881 917 1962 pertractem,
940 1875 990 1941 vel
1010 1883 1173 1962 tamquam
1189 1877 1224 1942 in
1249 1876 1371 1943 domnn'
1389 1862 1401 1935 ¹·

200 2031 203 2038 .
296 1977 329 2041 in
345 1998 409 2063 qua
423 1977 582 2044 habitaret
597 1979 660 2044 sibi
675 1972 883 2058 aedificatam,
895 1980 1049 2044 immenti
1064 2001 1133 2044 eam
1144 2002 1164 2044 a
1177 2002 1247 2066 qua
1264 1998 1363 2068 corpur

296 2091 484 2171 assumeret3
501 2104 613 2149 verum
628 2092 794 2171 praeterea
805 2085 885 2149 bane
909 2084 1011 2170 ipsam
1028 2083 1279 2150 similitudinem
1292 2103 1363 2150 exer·
1390 2086 1401 2163 ¹,

295 2193 371 2265 naut
382 2194 414 2250 et
424 2185 628 2272 amplificant,
640 2194 678 2252 ut
689 2187 887 2253 sMaximns
900 2186 1105 2264 taurinensis,
1115 2207 1140 2250 s.
1150 2186 1359 2266 Precianam
1394 2235 1401 2263 .,

293 2310 407 2377 nymus
430 2299 544 2365 auctor
562 2293 732 2357 Tractatns
746 2298 856 2356 contra
871 2290 1014 2378 quinque
1026 2291 1187 2368 haereses,
1209 2313 1251 2356 ac
1271 2290 1361 2357 aba.
1383 2306 1401 2381 [l

292 2411 405 2459 manus
417 2395 587 2482 episeopus
603 2394 746 2482 apprime
758 2387 1041 2480 laniunt.'lnsuper
1054 2392 1199 2457 eamdem
1211 2394 1361 2480 Virginea
1392 2406 1401 2476 t,

292 2507 405 2561 vocant
412 2504 771 2588 expresseirrrcocentem,
777 2503 840 2563 siae
851 2499 977 2563 macule
979 2545 992 2575 ‚
1002 2502 1086 2562 omni
1096 2499 1192 2584 culpa
1205 2509 1364 2569 aaronem»
1392 2540 1401 2578 ι

294 2598 436 2688 aliisque·
453 2600 610 2665 eiusmodi
641 2599 745 2666 titulis
776 2599 943 2679 decorant,
973 2621 1055 2687 quae
1075 2599 1259 2685 quamlibet
1280 2597 1360 2664 labem
1391 2626 1401 2686 ,-

295 2703 423 2788 penitus
447 2701 634 2768 excludunt.
659 2694 773 2791 Neque
795 2702 845 2768 bis
868 2703 1189 2782 consentanearum
1213 2719 1362 2768 eamasse
1392 2729 1401 2795 3

295 2813 534 2895 runtieleqram
545 2813 653 2892 qratia
675 2807 749 2883 Der)
773 2816 889 2893 negant
910 2828 1037 2877 carnem
1059 2807 1186 2873 Mariae
1203 2806 1273 2872 dici
1290 2821 1363 2893 posse
1391 2798 1401 2893 ι’

197 2986 199 2994 ¹
298 2932 420 2976 carnem
441 2916 585 2999 peceati3
608 2932 645 2975 ac
656 2909 881 2997 probationem
910 2908 1090 2987 adiiciunt,
1121 2910 1200 2996 quia
1228 2909 1401 2989 nimbum,

83 3653 253 3720 mmm·

88 3726 237 3778 mmm

86 3798 234 3863 mmm

296 3026 415 3080 constet
438 3038 505 3080 earo
527 3014 565 3080 ab
590 3020 674 3080 omri
694 3016 842 3108 eripienti
858 3024 985 3102 precato
1013 3018 1176 3079 immunem
1204 3015 1318 3098 fuisse,
1336 3014 1363 3072 ut
1387 3056 1401 3099 3

296 3116 442 3207 loquitor
465 3141 489 3183 s.
498 3119 698 3184 Paschasius
713 3118 900 3184 Ratbertus
913 3119 993 3201 Eam
1016 3117 1144 3181 demum
1159 3116 1217 3182 tali
1241 3104 1401 3204 puritatef,

299 3221 401 3285 nitere
424 3221 570 3289 docuisse
593 3233 792 3301 asseverant,
811 3245 874 3310 qun
902 3228 1003 3289 maior
1024 3222 1078 3288 aab
1103 3220 1165 3285 Deo
1184 3223 1401 3311 intelligi
1329 3237 1401 3283 aaa

301 3338 414 3410 queat,
439 3326 488 3390 uti
518 3348 543 3392 s
568 3327 738 3392 anselmus
755 3325 907 3411 ait3quod
921 3325 1051 3412 quidem
1073 3325 1205 3390 allatum
1220 3323 1364 3410 angelicus

301 3430 420 3493 Doctor
443 3431 478 3494 de
494 3435 684 3497 immunitate
702 3453 722 3494 a
731 3440 859 3518 peceato
878 3429 1029 3513 eripienti
1050 3439 1078 3492 ιι
1089 3427 1212 3493 actuali
1227 3429 1365 3513 interpre

304 3539 390 3596 tatus
414 3541 472 3597 est.
1077 3551 1080 3557 “

392 3638 483 3727 Quae
506 3657 579 3702 cnm
601 3637 648 3701 ita
671 3658 704 3701 se
726 3623 874 3713 habeant,
892 3656 1029 3723 pronum
1044 3631 1238 3713 estimonio,
1252 3635 1367 3700 Patron

304 3732 535 3828 doctorumque
551 3741 780 3806 catholicorum
791 3760 854 3805 non
870 3760 967 3805 unam
982 3760 1052 3803 esse
1069 3738 1263 3803 seutentiam
1279 3729 1367 3824 quoad

304 3843 363 3909 boc
386 3843 703 3931 privilegiumaDeo
720 3845 761 3908 B..
777 3842 906 3928 Virgini
928 3842 1209 3907 communicatum.
1234 3840 1370 3924 Plerique

254 3938 256 3945 ’
303 3955 419 4025 tamem
442 3947 533 4034 iique
555 3946 747 4012 vetustiores
769 3945 974 4011 immaculato
990 3947 1027 4009 B.
1043 3944 1189 4029 Virginis
1208 3937 1371 4030 Conceptoi

303 4049 419 4129 lavent,
443 4058 540 4137 atque
562 4051 608 4115 ita
631 4047 749 4128 favent,
773 4058 938 4115 uteorum
960 4048 1045 4114 dicta
1069 4047 1190 4112 nullam
1203 4048 1302 4113 aliam
1315 4064 1373 4134 pro

301 4151 438 4218 habilem
460 4152 755 4244 interpretationem
778 4144 969 4222 contrariam
991 4146 1166 4240 patiantur.
1194 4151 1228 4219 Si
1246 4172 1324 4218 vero,
1345 4147 1373 4224 dc
