2820 4890
27 430 175 502 etinctum
196 436 248 508 sit,
275 441 303 495 et
323 429 396 494 tolie
415 428 477 513 suit
498 434 625 516 puritas
639 427 680 494 Ba
714 424 858 513 Virpioia
885 448 963 515 quae
983 448 1052 513 pee-

27 533 260 619 corripientia
281 535 405 598 actuali
424 537 566 598 immunis
589 533 661 617 fuit.
688 531 765 598 Fae
787 543 889 597 tamea
905 530 960 596 aad
977 530 1054 606 neo,

27 642 176 712 *mamam
186 650 256 704 erat
269 643 303 705 ιἰι
321 659 357 702 ea
364 642 504 724 potentia
518 637 561 701 ad
570 637 761 725 peccandum
773 631 827 723 ll)
844 633 906 701 uni
922 633 988 698 dno
1006 652 1055 698 se-

27 718 75 799 Νι
87 752 152 807 sunt
166 739 453 808 animadvertenda.
463 739 581 818 Primo,
592 739 679 826 quod
690 739 864 825 Angelieus
880 735 991 801 eadem
1006 757 1057 801 ra-

27 825 87 903 lone
96 842 200 912 dixerit
211 846 417 932 B.Virginam
430 845 604 915 immunem
616 843 657 909 ab
669 842 820 929 originali
832 846 963 928 peccato
976 836 1057 905 luis·

27 948 65 1013 &a
80 964 128 1030 qna
146 972 209 1016 eam
231 950 406 1016 immunem
428 948 469 1015 ab
490 948 610 1014 actuali
632 968 716 1012 noxa
735 946 893 1013 asseruit:
916 945 1058 1010 iamvero

96 1055 182 1121 estitit
196 1055 347 1120 immunis
364 1054 465 1139 Virgo
477 1053 581 1118 Maria
599 1051 640 1117 ab
663 1050 783 1118 actuali
809 1055 962 1138 peccato,
979 1048 1057 1136 qnia

93 1158 253 1241 quamillud
265 1157 405 1223 admisit:
417 1178 495 1245 ergo
506 1178 524 1223 e
536 1156 720 1222 allectoria
733 1154 890 1220 sententia
904 1152 1057 1219 immunis

27 1299 32 1338 ι
83 1253 190 1326 'tatuit
205 1260 244 1325 ab
267 1259 417 1346 originali
438 1258 582 1338 macula,
606 1259 683 1346 quia
705 1258 792 1324 illam
814 1279 989 1344 numquam
1010 1257 1059 1321 in-

44 1440 47 1447 ,
77 1360 120 1431 .'.
139 1364 286 1444 Secundo,
304 1363 390 1451 quod
408 1372 571 1450 comparet
593 1363 665 1429 eins
686 1363 862 1449 puritatem
881 1361 987 1450 quoad
1009 1383 1059 1428 re-

32 1452 127 1541 'tumn
145 1488 160 1532 a
179 1475 309 1556 peccato
331 1489 405 1533 cum
427 1467 498 1554 ipsa
513 1467 575 1533 Dei
598 1466 751 1553 puritate,
775 1466 821 1532 ita
844 1473 950 1531 tamen
973 1472 1010 1531 ut
1025 1466 1060 1532 iu

27 1490 184 1752 ³³cp1'ppe
199 1594 285 1639 mera
300 1580 462 1651 creatura,
480 1577 622 1660 potentia
637 1572 680 1637 od
689 1571 880 1659 peccandum
896 1569 1059 1650 extiterit,

47 1678 98 1747 Ἣ
106 1673 168 1740 ileo
188 1678 292 1742 inesse
306 1697 368 1741 non
385 1683 502 1763 potest.
527 1677 670 1742 Locutus
685 1674 819 1763 proinde
841 1683 891 1741 est
912 1674 1060 1763 Aquinas

29 1758 255 1869 *inmunitate
281 1778 461 1845 omnimoda
483 1800 580 1867 quam
595 1779 698 1865 Virgo
719 1802 760 1845 ex
783 1779 890 1845 divina
913 1779 1061 1866 largitate

32 1873 33 1876 ¹
63 1895 68 1934 ι
94 1902 106 1929 ’·
124 1891 273 1971 conceptu
286 1905 345 1949 sno
358 1882 473 1971 adepta
487 1891 546 1949 est.
564 1883 658 1963 Quod
673 1905 749 1951 vero
763 1883 878 1950 attinet
893 1882 934 1949 ad
949 1904 1062 1949 verum

96 2006 99 2033 2
118 1986 274 2055 obiectum
291 1988 378 2075 quod
392 1988 426 2053 in
442 1989 666 2076 conceptionis
681 1985 764 2054 festo
785 1988 994 2077 proponitur,
1012 2008 1063 2053 ce·

93 2092 226 2170 omissis,
248 2113 389 2180 quorum
412 2092 474 2158 alia
499 2114 558 2159 suo
581 2092 651 2159 loeo
674 2092 854 2173 attulimus,
878 2092 942 2158 alia
965 2091 1062 2157 etiam

97 2191 275 2278 afferemus,
299 2219 384 2263 nnnc
406 2198 529 2285 pariter
545 2197 707 2264 dubitatio
723 2200 826 2265 omnis
849 2198 996 2264 submota
1013 2207 1063 2263 ast

36 1758 42 1771 ὲ

61 2300 237 2375 ,putincias
251 2302 504 2369 constitutiones
520 2324 643 2390 perque
654 2304 754 2368 ritum
767 2302 927 2369 adiicendi
938 2304 973 2369 in
984 2303 1064 2369 Mis·
1151 2314 1155 2323 '

66 2402 252 2479 ,renotatione
268 2428 287 2471 a
301 2426 429 2471 sacrum
442 2404 647 2471 iacientibusz
658 2408 702 2472 Et
713 2412 782 2472 tela
797 2405 997 2495 conceptione
1008 2412 1064 2473 im-

60 2509 66 2520 *
80 2536 92 2562 v
104 2529 110 2553 ν
121 2517 168 2586 ta;
177 2512 233 2598 qui
244 2512 279 2575 in
291 2510 436 2577 Ecclesia
448 2509 516 2576 fere
528 2511 680 2578 universa
692 2533 729 2576 ae
743 2513 862 2577 Romae
873 2512 1064 2598 praesertim

28 2666 36 2697 ,Α
57 2687 58 2692 ¹
79 2620 224 2702 ,areptus
242 2617 333 2694 Quae
354 2636 428 2679 eum
449 2615 496 2680 ita
519 2616 598 2694 sint,
622 2636 714 2680 nemo
736 2638 795 2705 per
812 2636 845 2682 se
871 2617 980 2703 ipsum
1002 2638 1067 2683 nou

27 2747 30 2757 ·
98 2713 170 2797 cit,
191 2719 279 2784 hand
301 2718 396 2783 aliam
431 2739 574 2805 uuquam
595 2727 732 2785 mentem
756 2720 921 2786 Ecclesiae
948 2720 1065 2800 fnisse,

38 2844 40 2855 ·
124 2815 235 2910 insigne
259 2823 318 2887 hoe
342 2825 378 2888 B.
404 2822 548 2908 Virginis
564 2823 771 2910 privilegium
793 2824 828 2889 in
851 2823 933 2891 festa
948 2824 1067 2891 conee-

37 2970 40 3009 ,
143 2926 348 2993 celebratione
370 2927 523 2991 recolere.

27 3057 29 3067 f
106 3016 193 3113 litque
204 3051 245 3094 ex
261 3028 350 3094 hisee
365 3027 556 3094 concludere
568 3027 661 3094 nobis
673 3026 721 3094 fas
738 3030 866 3097 omuino
878 3031 1065 3118 erit,neque

86 3117 201 3199 ltutandi
215 3154 320 3220 neque
341 3154 367 3198 s.
386 3132 535 3211 Thomas,
558 3155 663 3221 neque
684 3134 823 3200 aliorum
844 3135 1064 3222 antiquiorum

39 3286 43 3300 „
103 3251 182 3316 un,
204 3237 341 3325 quiens
369 3237 428 3302 hac
450 3237 484 3301 iu
506 3246 597 3324 parta
621 3246 697 3302 sunt
721 3239 843 3319 secuti,
867 3240 1065 3327 peculiarem

39 3407 41 3421 Ι
70 3334 183 3403 uliam
203 3339 401 3425 dogmaticae
424 3337 463 3404 de
490 3339 695 3405 immaculato
717 3341 875 3428 Deiparae
900 3341 1065 3429 conceptu

27 3511 46 3537 „
76 3428 174 3504 ‘'lioni
200 3441 357 3509 obsistere
379 3441 546 3530 quidpiam
568 3462 682 3530 posse3
706 3465 781 3509 cum
807 3466 845 3510 ea
875 3447 1065 3532 praesertim

32 3536 40 3618 s
77 3552 182 3610 “tttunt
202 3554 318 3626 aetate,
341 3546 456 3634 inqua
476 3547 617 3614 nondum
639 3549 769 3635 penitus
792 3550 961 3616 manifeste
987 3551 1065 3619 haec

90 3635 150 3721 thel
166 3650 327 3731 sententia,
345 3671 382 3715 ac
401 3651 568 3738 potissimo
590 3652 654 3739 ipsi
677 3651 931 3719 destituerentur
951 3654 1066 3721 funda-

82 3756 219 3838 ⁸quod
232 3757 310 3823 lruic
329 3756 533 3844 postmodum
554 3757 690 3822 accessit
710 3759 903 3845 quaestioni:
926 3758 1066 3847 hincque

27 3900 29 3919 .
48 3844 130 3943 ⁵2⁸¹st
144 3859 273 3940 privatos
296 3858 442 3924 doctores
466 3882 536 3925 esse
564 3860 812 3939 existimandos‚
829 3862 886 3949 qui
902 3863 1065 3950 propriam

36 4012 37 4017 ,
65 3944 251 4050 ’claramque
265 3960 398 4028 tulerint
410 3962 609 4042 sententiam,
623 3985 685 4029 non
697 3972 804 4029 autem
817 3964 866 4029 uti
883 3961 1064 4029 traditionis

30 4114 51 4601 q

100 4158 105 4224 l
117 4168 150 4236 ⁰1³·
160 4182 210 4234 edit.
222 4184 297 4237 llam.
309 4180 388 4239 157⁰.

1145 3048 1235 3112 Neque
1245 3061 1266 3098 r.

1135 3119 1279 3170 Bernardns

1145 3202 1229 3254 neque
1244 3202 1266 3239 ι.

1116 3258 1227 3311 Thomas
1238 3255 1296 3310 offl-

1128 3332 1199 3380 ciunt
1219 3329 1284 3392 dog·

1116 3400 1222 3451 maticae
1233 3399 1297 3450 detl-

1132 3471 1224 3522 attinnt
1246 3471 1280 3521 de

1142 3540 1275 3592 sanctitate

1117 3611 1294 3674 conceptionis
