2828 4904
566 278 748 349 -aot-
845 310 849 319 ·

129 413 315 479 inferiorum
342 412 474 478 Ordinis
503 411 650 478 eiusdem
680 410 827 495 legitime
859 408 1010 474 obtinere
1035 431 1053 476 a
1081 422 1193 480 sauata

125 518 212 593 Sede,
228 525 263 582 et
288 525 458 600 acceptare
476 534 536 598 pro
560 522 633 579 toto
649 513 773 579 Ordine
793 521 938 577 octavam
961 513 1139 578 solemnem
1160 517 1196 582 in

121 621 213 684 Festo
230 619 466 703 conceptionis
487 620 605 683 Beatac
620 617 739 682 Mariae
762 615 924 699 Virginis,
943 622 978 680 et
993 615 1197 683 additionem

122 723 302 806 particulae
317 753 336 766 -
352 721 394 785 Et
415 729 440 784 ta
468 721 500 783 io
524 718 707 803 Conceptima
731 716 911 782 immaculata
931 753 952 764 -
967 719 1197 809 apponendam

120 821 318 887 Praetutiani
333 821 447 886 Missae
464 820 706 901 conceptionis,
723 838 788 884 nou
806 816 959 882 obstante
975 820 1065 902 quod
1081 821 1115 884 iu
1132 821 1197 885 ali·

120 945 184 1008 quo
219 923 374 1007 Capitulo
405 921 550 1006 generali
575 919 707 985 Ordinis
732 919 894 985 antedicti
920 922 996 1000 (uti
1019 923 1198 1003 asseritur)

121 1026 375 1111 praescribatur,
399 1024 528 1089 nullum
550 1042 670 1088 novum
695 1024 843 1088 Officium
864 1043 958 1108 posse
978 1027 1142 1110 acceptari
1165 1028 1199 1091 in

123 1129 244 1196 Ordine
274 1128 381 1192 uisis
410 1126 564 1210 Capitulo
595 1127 768 1208 generalia
793 1131 836 1191 Et
862 1135 1026 1210 quatenus
1056 1129 1173 1212 possit.

202 1235 243 1297 ll.
269 1239 321 1296 Au
345 1248 382 1293 ea
403 1229 540 1292 facultas
561 1227 747 1306 obtinendi,
771 1236 806 1293 et
821 1229 1037 1314 acceptandi,
1061 1230 1104 1295 de
1133 1249 1199 1314 qun

121 1354 224 1418 snpra,
253 1334 296 1398 ita
319 1331 489 1398 conveniat
515 1331 684 1416 Superiori
708 1331 872 1415 generali,
896 1336 935 1397 ut
961 1352 1027 1396 non
1050 1333 1198 1418 indigeat

122 1454 276 1501 consensu
294 1435 440 1518 Capituli
465 1434 626 1517 generalis
652 1433 752 1498 etiam
774 1433 803 1497 si
824 1432 1002 1516 aliquando
1026 1434 1199 1501 decretum

124 1538 217 1604 luerit
246 1557 264 1601 a
290 1546 399 1602 sancta
426 1535 508 1601 Sede
533 1536 611 1614 (nti
641 1535 746 1618 aliqui
772 1534 914 1618 volunt)
937 1537 1101 1620 acceptari
1130 1558 1198 1602 nou

125 1640 238 1708 debere
267 1661 349 1707 nova
371 1641 490 1717 Officia,
512 1642 575 1705 nisi
599 1659 618 1703 a
643 1639 799 1723 Capitulo
824 1641 977 1722 generali,
1007 1659 1109 1722 quum
1136 1643 1198 1705 lta·

123 1745 215 1825 gister
240 1744 399 1825 generalis
411 1744 501 1808 iuxta
513 1743 766 1807 constitutiones
776 1743 982 1825 apostolicas,
1005 1749 1040 1806 et
1064 1741 1198 1807 Ordinis

125 1845 382 1913 praedicatorum
393 1844 498 1929 possit
507 1845 595 1910 solus
606 1843 713 1908 facere
728 1843 774 1920 id,
790 1843 879 1926 quod
895 1844 964 1929 ipse
976 1861 1071 1930 agere
1087 1833 1199 1928 potest

123 1964 193 2012 cum
221 1945 417 2011 delinitione
443 1944 590 2027 Capituli
615 1945 802 2028 generalis?
1248 2028 1250 2031 v

201 2049 257 2111 lll.
284 2049 335 2110 An
357 2053 466 2111 stante
487 2044 715 2129 acceptatione
738 2044 841 2109 solius
863 2044 1011 2128 Magistri
1024 2044 1197 2130 generalis,

115 2149 157 2213 ait
172 2147 209 2226 in
223 2147 381 2211 facultate
402 2146 466 2211 sibi
481 2144 730 2211 succedentium
746 2146 959 2230 Superiorum
976 2148 1197 2230 generalium,

112 2250 166 2315 vel
194 2249 341 2332 Capituli
368 2249 536 2332 generalis,
565 2249 616 2312 vel
640 2248 852 2331 Superiorum
874 2248 1072 2313 interiorum
1098 2266 1197 2313 acce‘-

110 2361 206 2438 ptare
222 2352 273 2416 vel
289 2371 354 2414 uon
371 2350 549 2433 praefatam
576 2357 722 2414 octavam
744 2349 933 2427 solemnem,
957 2356 991 2414 et
1004 2338 1198 2434 particulam

111 2492 129 2504 -
141 2453 187 2518 Et
209 2462 234 2517 ta
257 2453 287 2515 iu
312 2452 493 2536 Corstopitum
512 2450 688 2514 immaculata
702 2483 722 2497 -
739 2470 778 2516 eo
794 2450 935 2533 quadiu
951 2451 1102 2515 Decretis
1125 2470 1198 2517 con·

114 2557 270 2623 cessionis
293 2554 380 2618 datis
406 2554 461 2617 die
477 2549 519 2619 tu
541 2552 725 2619 decembris
748 2550 835 2620 lata
857 2553 988 2618 nullum
1007 2552 1200 2640 imponatur

109 2657 290 2733 debitum,
313 2654 369 2721 sed
397 2662 525 2720 tantum
551 2655 674 2720 dicitur
689 2690 708 2702 -
723 2655 866 2720 Sanctitas
897 2660 959 2720 Soa
981 2703 988 2719 .
1013 2702 1021 2719 .
1045 2703 1053 2719 .
1077 2654 1111 2719 da
1131 2678 1199 2740 rpr—
1262 2738 1265 2744 Ι

108 2757 182 2824 ciali
205 2756 301 2842 gratia
322 2753 435 2841 irrigua
449 2755 551 2818 aaaait
564 2756 648 2822 iacta
669 2757 784 2841 petita?
800 2762 843 2821 Et
865 2759 901 2822 in
915 2776 993 2823 casu
1019 2760 1194 2842 negativo:

201 2860 257 2936 IV.
274 2859 327 2921 An
349 2876 462 2922 omnes
476 2856 594 2921 iratres
610 2865 645 2922 et
660 2858 817 2923 moniales
832 2859 966 2923 Ordinis
994 2859 1199 2924 Praedicato-

108 2977 187 3025 rum
204 2978 241 3023 ex
254 2964 430 3042 praecepto
447 2956 622 3040 adigantur
638 2957 803 3022 celebrare
816 2960 948 3023 Festum
965 2959 1200 3044 conceptionis

98 3066 232 3128 'Beatae
260 3060 378 3125 Mariae
414 3058 561 3141 Virginis
592 3078 668 3122 cum
697 3066 811 3123 octava
835 3059 995 3123 solemni:
1025 3067 1060 3125 ct
1086 3079 1199 3126 omnes

111 3163 303 3231 sacerdotes
325 3161 473 3227 eiusdem
487 3159 618 3225 Ordinis
640 3180 678 3225 ex
702 3168 879 3244 praecepto
902 3161 1028 3246 pariter
1054 3170 1197 3229 tenean-

110 3275 174 3332 tur
205 3264 327 3330 uddcre
361 3261 562 3328 Praetutiani
597 3262 713 3328 Missae
741 3261 878 3328 verbum
892 3297 911 3310 -
927 3263 1111 3330 Immaculata
1126 3271 1198 3331 -et

111 3367 228 3454 dicere
242 3401 263 3412 -
280 3366 320 3428 Et
346 3373 371 3430 tc
397 3366 430 3428 io
454 3366 636 3450 Coaoaptiaua
656 3361 834 3427 immaculata
848 3401 868 3412 —
884 3383 922 3428 ac
951 3364 1042 3430 idem
1071 3385 1200 3431 servan·

109 3469 194 3534 dnm
216 3468 260 3532 sit
275 3468 310 3531 in
331 3466 484 3531 omnibus
498 3466 673 3551 utriusque
687 3484 781 3530 sexus
803 3465 937 3545 Ordinis
960 3467 1133 3533 ecclesiis?
1153 3471 1198 3533 Et

112 3570 143 3635 si
163 3569 365 3636 affirmative:

200 3674 239 3738 V.
279 3675 332 3736 An
363 3672 425 3734 hoc
454 3671 527 3754 ipsa
562 3677 740 3755 praecepto
769 3668 1016 3755 adstringantur
1043 3671 1144 3736 etiam
1169 3671 1196 3738 ii

111 3777 318 3857 omnesqui
347 3774 500 3838 sentiunt
524 3777 656 3840 Beatam
677 3773 849 3858 Virginem
874 3764 1069 3858 conceptam
1094 3774 1196 3842 fuisse
1265 3773 1268 3778 ’

111 3876 144 3940 in
173 3876 271 3958 culpa
299 3874 470 3959 originali,
493 3884 527 3941 et
549 3876 600 3939 illi
621 3876 681 3958 qui
706 3875 919 3941 iureiurando
945 3874 1127 3960 adiguntur
1156 3875 1198 3943 ad

111 3977 301 4043 sectandam
316 3977 499 4042 doctrinam
514 3977 620 4041 sancti
645 3978 788 4042 Thomae
812 3977 997 4061 Aquinatis,
1024 3979 1200 4061 supposito

108 4077 201 4162 quod
219 4077 396 4161 Angelicus
405 4082 529 4143 Ductor
539 4078 686 4144 tennerit
696 4080 827 4143 Beatam
839 4076 1008 4160 Virginem
1023 4078 1202 4143 iucurrisse

107 4183 144 4247 in
167 4179 276 4246 anima
297 4179 429 4268 colpam
448 4179 672 4266 originalem?
