2828 4904
744 307 870 384 -202
885 345 930 365 -

294 437 432 502 maccla.
456 434 626 500 Praeterea
648 438 683 499 in
710 439 906 522 responsorio
928 454 1011 501 nono
1034 431 1152 505 dicitnr
1177 446 1284 512 ,sancto
1305 458 1353 506 can·
1403 448 1412 479 Β

294 545 405 630 ceptio.-
429 552 464 605 at
485 562 549 607 non
572 551 615 606 est
637 545 793 629 conceptio
824 545 888 617 nisi
907 545 942 606 in
966 541 1022 604 illo
1040 545 1147 628 priano
1171 541 1318 623 instanti,
1333 553 1355 612 ia

294 668 356 734 qno
378 645 484 730 insasa
507 657 550 710 est
572 650 679 710 anima
704 650 853 732 corpori,
869 649 903 710 in
925 667 987 732 qno
1011 648 1111 734 coepit
1132 668 1195 720 esse
1218 653 1253 714 in
1276 673 1358 717 reram

294 763 415 817 natarat
425 772 563 840 persona
577 755 701 836 integra
726 750 868 834 Virginis.
892 747 1043 836 Alioquin
1061 753 1090 814 si
1100 755 1290 837 ,compictnr
1311 778 1361 820 aaa·

295 860 393 944 ceptio
412 878 474 944 pro
496 859 741 944 sanctificatione
759 867 833 944 post
856 858 1096 932 animationem,
1119 860 1215 922 etiam
1239 857 1366 926 Ieremias

295 972 325 1026 et
343 957 477 1026 loannes
499 962 648 1047 Baptista
672 961 815 1025 dicentnr
830 963 969 1048 concepti
986 964 1053 1024 sine
1069 973 1203 1046 peccato
1226 968 1368 1048 originali·

295 1067 434 1155 Denique
457 1073 626 1132 commanis
649 1089 755 1132 sensns
776 1067 914 1154 fideliam
937 1076 980 1131 est
992 1112 1004 1143 ,
1027 1066 1184 1131 celebrari
1208 1065 1369 1158 Conceptin
1410 1158 1412 1163 Ι

294 1196 364 1241 nent
385 1176 481 1240 solitas
503 1175 671 1258 liminis,
694 1178 769 1261 qaia
792 1177 862 1259 ipso
884 1173 954 1236 sola
976 1193 1048 1237 cere
1074 1186 1226 1260 concepta
1252 1189 1296 1241 est
1321 1183 1369 1246 sine

289 1291 418 1368 peccato
435 1281 594 1363 oripincli.
611 1276 853 1342 Obiicieutibus
875 1297 974 1363 porro
993 1275 1365 1357 adversanteuatresa

294 1403 384 1449 mnes
407 1404 467 1469 pro
494 1382 682 1447 affirmativa
707 1391 793 1448 stare
816 1391 932 1469 parte,
956 1404 1017 1469 pro
1039 1381 1203 1449 maculata
1235 1387 1365 1456 videliet

295 1491 477 1571 conceptu,
502 1483 536 1548 id
557 1484 758 1570 impossibile
781 1485 911 1548 omnino
931 1485 1072 1564 asserit,
1097 1485 1236 1553 diceus:
1263 1490 1315 1556 Ad
1331 1492 1371 1557 loa

232 1605 236 1613 ’
296 1602 515 1675 argumentans
537 1591 717 1677 respondeo,
732 1612 898 1677 non-posse
918 1594 999 1678 ficri,
1014 1601 1051 1654 nt
1073 1608 1177 1656 ornnes
1194 1593 1314 1662 Sancti
1324 1597 1376 1682 sae

295 1701 363 1762 rint
373 1695 459 1761 nolis
472 1701 639 1761 contrarii:
656 1718 730 1761 nana
746 1701 789 1760 sic
811 1708 922 1761 nostra
944 1696 1085 1763 Ecclesia
1110 1711 1252 1781 erraret,
1273 1714 1303 1768 et
1319 1702 1379 1770 Sta·

295 1811 347 1865 tns
359 1802 379 1863 l
383 1801 408 1863 V
418 1812 560 1866 errasset.
574 1800 616 1865 Aa
626 1802 767 1867 Ecclesia
779 1824 950 1888 rannaqncm
962 1812 1060 1880 errat,
1074 1807 1151 1890 qnia
1168 1817 1215 1870 est
1232 1808 1378 1888 columna,

296 1916 326 1970 et
343 1909 571 1994 firmamentum
593 1911 797 1984 oen'tatisset
823 1918 1045 1994 contraquam
1062 1920 1178 1995 portae
1206 1911 1306 1995 inseri
1329 1934 1381 1978 nan

291 2009 542 2098 praevalebant.-
566 2032 663 2097 neque
684 2011 830 2094 Pontifex
852 2022 958 2087 errat,
984 2011 1057 2076 dnm
1080 2011 1263 2080 Ecclesiam
1289 2017 1380 2094 docet,

298 2137 368 2182 cam
390 2113 531 2183 Glristns
544 2136 603 2203 pro
625 2118 681 2180 illo
698 2124 852 2193 oraoera't,
869 2128 906 2181 nt
924 2139 987 2181 raon
1005 2117 1127 2206 deficiat
1141 2119 1222 2206 fides
1240 2127 1318 2188 eina
1333 2123 1380 2188 ltc-

84 2258 147 2310 ΕΝ,
165 2255 250 2307 const-
298 2237 387 2282 mum
406 2218 446 2283 ad
469 2217 641 2294 sedandam
658 2218 697 2281 de
713 2218 861 2283 Mariana
882 2218 1097 2304 Conceptionc
1112 2224 1375 2300 controversiam,

80 2328 239 2380 liumause-
301 2341 407 2407 usquc
431 2341 470 2385 co
491 2320 569 2385 dum
594 2319 768 2399 definitur,
795 2319 903 2385 isthoc
929 2321 1092 2405 suggessit
1111 2322 1315 2390 consilium·
1328 2322 1373 2389 at

69 2400 254 2524 dfrfflsffi
300 2433 329 2492 si
343 2447 406 2492 non
417 2428 524 2514 placet
538 2447 623 2491 nnnc
639 2426 699 2488 illa
715 2425 858 2510 formalis
880 2426 1029 2514 definitio,
1045 2449 1083 2490 sa
1084 2426 1154 2491 ltent
1180 2428 1312 2495 deberet
1325 2429 1370 2516 lttt'

294 2544 498 2623 praeceptam
517 2531 657 2595 omnibns
678 2532 888 2596 ecclesiasticis
908 2529 1100 2596 secularibus
1124 2543 1153 2596 et
1177 2533 1378 2619 reputante,

298 2651 335 2704 nt
345 2643 514 2703 recitarent
530 2634 672 2720 Officium
684 2636 719 2698 de
731 2632 933 2723 Conceptione
945 2635 1095 2721 qnotnodo
1108 2640 1378 2710 recttarEcctatn

298 2719 342 2809 sic
360 2747 440 2806 enine
459 2745 523 2805 sine
548 2741 722 2827 definitione
745 2739 912 2804 laberetur
930 2744 1083 2803 intentam
1105 2737 1165 2822 (1).

344 2844 473 2912 Exinde
496 2865 560 2909 non
590 2843 685 2909 modo
708 2843 947 2909 evidentissime
979 2851 1068 2929 patet
1089 2842 1286 2912 Bellarmiui
1309 2862 1374 2911 mena

180 3028 182 3032 Β
300 2952 387 3019 circa
410 2971 524 3017 aarum
547 2948 623 3013 festi
643 2949 870 3035 Conceptionis
890 2948 1032 3026 cultum,
1056 2968 1114 3012 nec
1138 2970 1206 3013 nou
1231 2947 1370 3016 circada
1391 3004 1412 3045 Ι,

88 3084 224 3137 aaronitae
301 3056 457 3122 finitionis
480 3052 743 3141 possibilitatem
762 3053 989 3117 verumetiam
1004 3053 1056 3119 tia
1076 3052 1308 3139 praecluditur
1321 3049 1368 3118 rat

68 3158 248 3210 asuescimus
300 3160 452 3227 lavicinio
468 3157 703 3245 interpretandi
728 3163 932 3244 conceptionis
949 3179 1058 3223 vocem
1078 3156 1118 3222 de
1138 3152 1287 3245 tempore
1305 3151 1367 3245 qaod

300 3265 448 3352 proxime
464 3263 705 3349 conceptionem
723 3263 766 3327 sit
782 3262 1005 3328 subsecutum.
1020 3262 1101 3328 Sane
1113 3262 1142 3326 si
1160 3262 1292 3329 admitti
1306 3261 1367 3327 eins·

300 3369 389 3434 modi
411 3367 572 3454 expositio
596 3374 719 3454 posset,
737 3389 811 3431 cum
829 3367 969 3432 dicimus
992 3375 1135 3432 sanctam
1154 3365 1263 3434 luisse
1279 3362 1366 3433 natisi-

303 3481 401 3538 tatem
419 3475 457 3537 B
476 3471 637 3556 Virginis,
661 3471 701 3536 de
724 3473 894 3536 sanctitate
917 3493 1078 3559 exaequo
1100 3473 1135 3539 id
1157 3472 1299 3560 intelligi
1319 3488 1367 3558 ptr

302 3586 352 3643 set
368 3598 465 3665 quam
489 3578 526 3640 Β.
549 3575 649 3663 Virgo
679 3589 820 3663 tempore
844 3599 863 3642 a
885 3577 1055 3642 nativitate
1078 3576 1231 3664 proximo
1254 3583 1367 3643 esscta
1391 3594 1412 3628 e

303 3674 409 3768 depta‚
434 3679 522 3767 quod
539 3702 631 3744 nemo
650 3672 781 3767 quidem
796 3702 895 3746 sanus
920 3680 1051 3745 dixerit.
1071 3681 1140 3747 Nec
1159 3680 1246 3747 valet
1270 3668 1412 3793 compr?

304 3786 390 3852 ratio
417 3782 555 3850 deducta
579 3807 621 3849 ex
644 3793 773 3872 recepta
796 3784 922 3872 phrasi,
940 3807 1013 3872 qua
1041 3784 1119 3850 dum
1143 3785 1273 3872 aliquid
1295 3777 1363 3850 canti·
1404 3851 1412 3869 -.

303 3891 389 3977 gisse
405 3891 516 3955 mnndi
535 3894 624 3955 initio
648 3889 781 3968 dicitur,
804 3911 868 3954 nou
886 3889 1047 3977 deprimo
1066 3889 1194 3976 plysaco
1220 3881 1412 3964 creatiot't

301 4003 464 4060 momento
487 3993 522 4060 id
549 3995 732 4061 neccssaria
754 3994 972 4082 intelligitur,
997 3993 1054 4061 sed
1078 3994 1117 4059 de
1140 3995 1368 4082 proximoque
1404 4016 1412 4065 ι’

1306 4205 1310 4210 »
1402 4068 1412 4245 ι

1389 3412 1412 3553 Π

347 4245 382 4319 a)
401 4250 430 4303 n
453 4246 574 4308 toraca.
