2828 4904
572 390 617 410 ...
632 354 700 426 133
713 390 764 410 ..

125 482 155 540 to
165 469 232 561 (nti
248 472 377 561 pluries
394 478 576 562 temporum
592 496 768 563 progressu
785 471 889 542 luisse
905 471 1090 542 factitatum
1106 496 1212 565 nuper

122 576 405 666 memorabamus)
421 586 607 665 praestetur
629 579 670 646 ab
689 578 851 661 Ecclesia,
870 579 993 668 quippe
1014 579 1211 648 christianae

118 683 294 751 doctrinae
305 682 425 749 nedum
436 682 581 785 custode,
597 683 654 751 sed
668 684 845 773 interprete
857 705 894 751 ac
906 684 1073 772 magistra,
1090 690 1122 751 et
1137 706 1212 751 con·
1310 706 1313 713 ·

118 789 361 858 troversiarum
377 789 487 856 iudice
503 790 684 871 inerrabili,
698 812 808 858 omnes
824 791 1075 878 adstringuntur
1090 790 1214 879 obliga·

119 892 208 958 lione
240 889 367 957 eisdem
388 892 583 960 veritatibus
608 893 820 973 assentiendi,
844 900 958 982 utpote
977 915 1061 982 quae
1085 891 1213 981 abipsa

115 996 272 1063 Ecclesia
286 995 414 1064 divinae
426 996 594 1064 traditioni
608 996 721 1063 innixa
733 997 784 1064 uti
795 996 953 1065 divinitus
968 996 1128 1064 revelatae
1140 1018 1215 1086 pro·

128 1109 306 1192 ponuntur.

209 1209 326 1293 Atque
348 1203 426 1272 baec
441 1210 491 1271 est
506 1204 562 1272 illa
577 1203 764 1294 dogmatum
779 1204 1012 1272 catholicorum
1027 1202 1216 1291 explicatio·
1311 1209 1406 1276 Quom

78 1339 81 1405 [
121 1309 170 1377 nis
194 1330 237 1376 ac
253 1309 360 1378 veluti
376 1310 612 1398 progressionis
635 1311 731 1390 ratio,
748 1332 814 1398 qua
830 1310 940 1398 aliqua
955 1307 1104 1376 articulis
1127 1305 1216 1388 fidei,
1268 1353 1380 1406 mm„
1399 1307 1414 1393 ᾗ

78 1416 86 1456 ³
119 1432 180 1479 non
204 1417 243 1479 sis
265 1435 298 1478 ss
315 1411 447 1501 quidem
468 1412 631 1501 spectatis,
653 1413 709 1479 sed
725 1414 832 1502 quoad
845 1435 902 1479 nos
924 1411 1009 1478 lacta
1032 1416 1099 1492 est,
1116 1417 1217 1497 atque
1269 1422 1349 1489 poeste

78 1518 90 1562 ³
124 1516 225 1584 adbuc
240 1515 320 1584 lieri
331 1523 438 1604 potest
447 1518 600 1585 accessio.
614 1519 687 1586 Non
699 1516 787 1606 quod
798 1517 946 1585 Ecclesia
961 1523 1019 1583 aut
1033 1522 1107 1604 post
1123 1514 1218 1582 Chri·

78 1626 92 1668 ³
123 1624 208 1689 'amm
223 1628 331 1710 atque
344 1620 516 1709 Apostolos
532 1642 630 1688 novas
648 1622 823 1690 veritatum
834 1620 1047 1689 revelationes
1060 1619 1217 1687 babuisse

78 1760 83 1769 ·
123 1724 168 1793 ret
176 1723 342 1791 habitura
354 1745 425 1791 esso
436 1724 595 1792 censenda
607 1725 661 1810 sit3
674 1731 732 1790 ant
743 1724 831 1813 quod
842 1745 924 1790 nora
932 1723 1081 1812 dogmata
1091 1724 1132 1791 ab
1144 1723 1216 1812 ipsa

78 1830 95 1921 ἴ
120 1829 310 1910 cudantm,
334 1829 385 1894 uti
408 1850 467 1918 per
490 1850 647 1895 summam
665 1830 822 1896 iniuriam
843 1829 1035 1895 calumniosi
1059 1827 1216 1895 baeretici

78 1926 93 2025 d
120 1932 429 2016 comminiscuntur,
443 1931 499 1998 sed
511 1931 599 2022 quod
615 1952 663 2013 ea,
676 1954 759 2021 quae
775 1934 869 2021 prius
881 1932 1084 2000 subobscure
1096 1954 1133 1999 ac
1149 1931 1217 2021 ple·

78 2036 90 2080 ¹
122 2034 341 2105 xibusreluti
352 2034 547 2122 quibusdam
559 2035 724 2124 implicata
736 2037 769 2101 in
777 2037 886 2103 Verbo
894 2039 955 2104 Dei
970 2037 1110 2106 revelato
1121 2031 1219 2105 babd-

78 2144 84 2187 ¹
122 2138 255 2221 bantur,
272 2138 404 2207 evoluta
420 2148 517 2228 atque
533 2140 694 2230 explicata
706 2139 747 2207 ab
764 2140 910 2208 Ecclesia
926 2140 1031 2222 fuere,
1049 2149 1148 2231 atque
1163 2142 1216 2210 uti

116 2266 280 2337 expresse
295 2244 456 2312 credenda
470 2247 648 2335 proposita.
662 2248 700 2312 ln
714 2246 802 2312 bunc
818 2268 916 2334 porro
933 2267 1064 2312 sensum
1080 2246 1219 2334 loquun-

111 2354 174 2417 tur
197 2350 320 2416 Patres
342 2369 419 2416 cum
446 2348 529 2416 banc
552 2349 629 2417 fidei
650 2349 912 2439 progressionem
939 2347 1093 2417 exhibent
1119 2354 1219 2438 atque

115 2460 300 2523 exornant.

209 2556 440 2625 Pulcherrima
456 2578 532 2623 sane
546 2557 629 2625 banc
652 2560 687 2624 in
709 2579 778 2625 rem
794 2555 893 2624 verba
917 2563 994 2623 sunt
1015 2577 1100 2646 qnae
1119 2555 1219 2624 babet

116 2682 145 2730 s.
157 2659 350 2749 Gregorius
362 2661 588 2728 Nazianzenus
601 2661 640 2728 d'e
657 2662 815 2728 Trinitate
828 2661 1002 2727 disserens:
1017 2684 1032 2722 a
1049 2659 1103 2728 Sic
1120 2660 1218 2741 enim,

114 2769 266 2849 scribit,
289 2789 325 2834 se
347 2790 400 2835 res
423 2768 530 2835 babet.
555 2770 659 2836 Vetus
691 2773 931 2836 Testamentum
954 2771 1083 2836 Patrem
1106 2775 1218 2857 aperte

116 2869 349 2963 praedicabat,
371 2870 494 2937 Filium
510 2870 699 2938 obscurius:
715 2873 843 2941 Novum
863 2880 972 2938 autem
986 2870 1080 2937 nobis
1096 2871 1220 2936 Filium

118 2978 304 3069 perspicue
319 2976 470 3058 ostendit,
487 2984 520 3042 et
534 2977 679 3066 Spiritus
696 2977 805 3045 Sancti
821 2979 1022 3045 divinitatem
1039 2974 1219 3043 subobscu-

117 3106 157 3153 re
172 3083 415 3173 quodammodo
426 3083 591 3150 indicavit.
608 3086 704 3152 Nunc
718 3105 795 3153 vcro
811 3083 955 3173 Spiritus
965 3083 1036 3171 ipse
1047 3080 1219 3148 nobiscum

119 3196 292 3269 versatur,
315 3209 451 3278 seseque
472 3188 565 3255 nobis
589 3191 734 3277 apertius
752 3190 903 3256 declarat.
928 3190 1043 3276 Neque
1065 3187 1152 3255 enim
1166 3193 1219 3254 tn·

106 3300 198 3361 -tum
220 3300 304 3374 erat,
322 3293 428 3360 Patris
446 3292 615 3360 divinitate
630 3292 773 3360 nondum
788 3292 946 3373 confessa,
968 3292 1090 3358 Filium
1108 3298 1220 3379 aperte

125 3395 325 3487 praedicari:
347 3417 407 3465 neo
430 3397 507 3464 Filii
531 3396 702 3466 divinitate
717 3396 860 3464 nondum
883 3392 1034 3477 admissa,
1058 3394 1219 3484 Spiritum

124 3656 365 3730 Seriptarcsstsc
373 3658 648 3715 decoratissimas·
699 3661 753 3713 lum
771 3661 848 3713 babet
859 3661 965 3712 dublum
977 3658 1052 3730 apud
1068 3656 1218 3712 catholicos.

124 3744 265 3802 sestam
284 3748 459 3817 necessariae,
470 3753 508 3800 est
519 3746 587 3817 fidei
604 3761 649 3800 ea·
700 3749 766 3800 sunt
785 3749 853 3799 enim
876 3749 1006 3815 doctores,
1025 3747 1070 3812 qul
1088 3746 1216 3798 affirmant

126 3827 318 3898 &diocesim
330 3829 380 3884 illc
394 3830 526 3885 conclusio
534 3830 649 3884 consim-
701 3834 764 3884 tales
774 3832 952 3883 conclusiones
961 3831 1094 3896 essefldel3
1103 3834 1162 3881 sunt
1171 3829 1217 3896 qul

122 3920 200 3970 mer
217 3919 250 3969 at
263 3913 380 3969 dedomo
399 3930 435 3969 ec
454 3914 607 3986 premaris
618 3914 648 3969 ln
699 3920 801 3981 negant.
814 3917 888 3967 Unde
899 3917 968 3979 apud
979 3917 1025 3966 bos
1048 3919 1076 3967 et
1090 3914 1148 3967 illos
1160 3926 1219 3967 eer-

119 3998 212 4071 lomo
230 3998 367 4070 dispositis
378 4034 387 4070 ,
399 3999 454 4054 clos
466 3999 649 4054 considerator
701 4005 758 4052 tun
770 4006 820 4070 est,
842 4014 885 4054 eas
897 4015 949 4052 non
972 4012 1029 4052 esse
1038 3998 1097 4051 fidel
1106 3997 1217 4051 catholi-

121 4082 525 4155 lsdspeadsnterosormwsd
542 4089 648 4140 tantam
700 4099 755 4154 cas,
766 4087 821 4140 slve
832 4101 885 4140 non
897 4099 953 4138 esse
963 4087 1215 4155 numerantem

118 4175 152 4227 sl
162 4168 321 4225 rossoton
341 4175 465 4225 contento
478 4169 508 4224 ia
519 4169 650 4240 proemia
702 4185 745 4224 ess
756 4175 893 4239 moment
902 4183 949 4238 pro
960 4169 1080 4224 mrslstls
1093 4200 1125 4239 „.

120 4255 161 4310 sis
184 4252 325 4311 rmlatt'o·
344 4254 415 4308 llaec
433 4255 574 4322 proposltto
594 4255 653 4308 nul-
