2828 4904
297 446 524 534 Ecclesiaeque
543 466 655 512 sensus
675 454 781 512 testes.
803 450 843 512 Et
862 448 939 513 haec
960 448 1089 535 quidem
1110 451 1138 515 si
1159 459 1233 516 tum

297 550 401 629 nardi,
416 558 486 616 tum
503 571 529 614 s.
547 549 684 614 Thomae
706 551 815 636 opinio
835 552 941 637 reipsa
958 553 1008 614 uti
1025 552 1098 638 piae
1122 561 1246 618 sentem

296 674 426 719 versans
443 654 647 720 traducatur:
663 654 751 740 quod
767 664 870 719 tamen
884 655 979 729 nobis
1002 676 1064 720 nou
1077 657 1246 743 probatur,

296 757 349 835 iis,
362 777 445 844 quae
457 757 496 823 de
510 776 658 842 germana
673 757 810 843 angelici
821 759 1011 845 praesertim
1023 760 1176 825 Doctoris
1187 782 1246 827 mei

296 861 375 928 locis
398 861 581 939 attulimus,
606 860 735 927 abunde
763 868 898 926 constat.

385 965 447 1030 Sed
470 965 535 1030 alia·
554 964 614 1030 hoc
636 966 717 1043 loco,
742 967 848 1050 gravis
872 986 958 1045 sane,
982 967 1220 1053 praetereunda
1239 991 1247 1033 ι

296 1068 454 1154 generalis
476 1067 552 1132 licet
568 1067 811 1145 animadversio,
827 1088 911 1153 quae
935 1066 1065 1133 eumad
1087 1072 1247 1135 excusam

298 1174 332 1238 in
354 1194 390 1239 re
412 1180 537 1241 veteres
559 1173 632 1237 illos
667 1171 873 1237 scholasticos
896 1173 1072 1260 plurimum
1098 1161 1192 1253 lacit,
1214 1185 1246 1240 tu

103 1314 211 1368 vem,
295 1298 411 1366 parum
433 1277 599 1343 confirmat
620 1277 654 1343 id
677 1276 764 1364 quod
786 1277 1031 1356 contendimus,
1055 1279 1136 1342 nihil
1160 1301 1246 1367 nemp

86 1386 234 1470 scholastici·
296 1383 373 1449 dum
388 1405 428 1449 ex
444 1384 574 1448 illorum
590 1385 783 1449 auctoritate
799 1405 892 1471 posse
905 1383 1060 1450 adversus
1076 1387 1163 1471 piam
1184 1399 1246 1451 sent

69 1462 246 1591 gflssfflffl
296 1489 425 1576 opponi.
450 1489 532 1556 Nam
555 1489 737 1554 scholastici
758 1488 849 1555 illius
872 1490 987 1554 aetatis
1010 1489 1157 1555 doctores
1180 1492 1244 1556 ini

77 1599 238 1660 trumtnopn
297 1593 453 1659 sabantur
468 1601 647 1680 temporum
663 1614 838 1680 rerumque
855 1593 1029 1671 adiunctis,
1041 1602 1078 1657 ut
1091 1602 1160 1657 tum
1173 1594 1212 1659 ob
1228 1619 1244 1660 v

84 1667 235 1758 ΨΜ
297 1697 589 1762 ecclesiasticorum
600 1705 878 1762 monumentorum
894 1697 1046 1783 inopiam,
1060 1705 1129 1762 tum
1146 1698 1187 1762 ob
1210 1720 1244 1763 ar

298 1802 382 1866 ticae
404 1802 605 1887 neglectum,
630 1810 699 1865 tum
722 1802 841 1880 etiam,
864 1802 905 1867 ad
927 1821 1057 1887 graecos
1081 1811 1180 1889 atque
1203 1806 1246 1869 ori

298 1907 411 1971 Patres
427 1907 513 1994 quod
531 1907 657 1983 attinet,
673 1906 713 1970 ob
728 1906 913 1992 linguarum
928 1907 1123 1993 imperitiam
1141 1917 1172 1973 et
1194 1931 1246 1975 ver

297 2008 476 2089 delectum,
501 2029 649 2096 germana
666 2012 799 2075 Patrum
819 2010 1039 2097 antiquiorum
1062 2013 1183 2098 scripta
1207 2035 1246 2077 ma

87 2157 228 2208 Confirma-
296 2121 422 2202 partem
437 2115 632 2201 ignorarent.
650 2112 744 2178 Libet
759 2113 817 2179 hoc
834 2113 874 2178 ci.
885 2113 1070 2179 bellarmini
1087 2117 1245 2182 auctorita

76 2233 120 2280 tur
134 2243 165 2278 ex
175 2229 236 2278 cel·
295 2218 434 2307 probare
441 2218 475 2283 in
483 2239 521 2284 ea
532 2217 776 2297 consultatione,
790 2239 886 2305 quam
898 2217 937 2282 de
949 2217 1008 2283 hac
1019 2219 1088 2305 ipsa
1102 2220 1158 2284 cui
1171 2221 1246 2286 inha

103 2298 210 2350 ’ΜΟ
296 2323 494 2410 quaestione,
504 2321 543 2387 de
554 2321 758 2387 immaculato
774 2321 897 2386 scilicet
908 2322 1052 2407 Virginis
1070 2323 1245 2411 Conceptu,

295 2428 342 2494 vit
354 2425 408 2515 (l).
426 2426 507 2493 (lum
522 2426 608 2491 enim
622 2426 783 2511 principio
798 2434 944 2511 negasset
960 2425 1176 2492 Bellarminus
1194 2429 1246 2494 fier

294 2534 452 2596 utPatres
463 2551 572 2597 omnes
584 2529 656 2618 piae
669 2529 746 2594 huic
759 2530 933 2594 sententiae
946 2528 1203 2616 refragarentur,
1213 2533 1246 2597 sil

294 2635 333 2701 de
355 2657 395 2700 ex
415 2635 567 2700 Caietano
590 2634 770 2699 obiicienda
785 2635 934 2721 proponit
959 2634 1055 2698 verba
1078 2657 1104 2699 s.
1128 2639 1246 2703 Bonan

293 2745 327 2805 in
344 2739 373 2805 3.
394 2739 478 2805 Sent.
498 2738 577 2803 Dist.
598 2738 681 2804 3ita
702 2736 890 2802 scribentis:
918 2734 1126 2807 communiter
1148 2744 1246 2804 sancti

295 2848 454 2931 excipiunt
480 2839 636 2906 Christum
651 2841 688 2906 ob
712 2842 771 2905 illa
791 2842 1005 2924 peneralitate,
1029 2865 1092 2928 qua
1110 2843 1243 2909 dieitur:

290 2958 503 3033 peecaverunt
519 2952 552 3011 tn
569 2946 679 3009 Adane.
694 2943 782 3022 Quid
794 2965 890 3029 porro
907 2942 1035 3009 adhaec
1049 2944 1246 3011 bellarminu

296 3052 388 3130 Dico,
412 3052 550 3137 reponit,
575 3056 720 3113 sanctum
738 3049 995 3112 Bonaventuram
1011 3049 1138 3113 nullum
1154 3052 1246 3115 Patre

295 3163 399 3235 etum,
423 3157 488 3221 nisi
516 3176 541 3219 s.
565 3151 765 3218 bernardum
787 3160 819 3216 et
847 3174 871 3216 s.
896 3152 1082 3218 Anselmum
1106 3156 1241 3238 citasse;

295 3261 380 3324 enim
403 3266 540 3346 poterat,
558 3259 635 3345 quia
654 3262 858 3344 paucissimos
879 3264 1032 3323 noverant
1047 3258 1103 3322 illo
1119 3266 1245 3347 tempor

295 3365 413 3442 lastici,
437 3365 494 3450 qui
518 3364 713 3448 Magistrum
741 3362 975 3449 sequebantur,
1000 3363 1057 3450 qui
1080 3368 1137 3428 oie
1160 3365 1240 3430 citat

297 3470 430 3546 stinum,
454 3467 663 3533 Ambrosium
685 3476 718 3531 et
740 3467 910 3532 Hilarium.
936 3467 1048 3554 ltaque
1071 3467 1172 3534 verba
1196 3468 1246 3533 illa

295 3581 461 3641 venturae:
488 3571 696 3638 Communiter
708 3571 819 3638 Sancti
830 3575 930 3638 solnm
945 3579 1103 3661 exceptant
1123 3571 1246 3638 Christo

295 3679 487 3765 telliguntur
503 3676 542 3742 dc
560 3678 673 3764 paucis
690 3676 764 3754 illis,
778 3698 859 3764 quos
871 3686 1024 3742 noverant
1039 3686 1116 3741 tunc
1133 3677 1246 3743 schola:

294 3783 375 3848 Dico
391 3781 478 3876 quod
492 3781 591 3847 verba
606 3781 717 3847 eadem
733 3801 758 3844 s.
777 3783 1021 3847 bonaventurae
1036 3782 1115 3846 satis
1132 3782 1246 3847 indicai

332 4029 363 4095 (1)
373 4027 473 4085 lnl'oto
482 4045 529 4081 ms.
537 4044 569 4081 ex
578 4031 733 4094 autographo
741 4031 805 4081 eius-
854 4027 927 4097 peith
942 4027 1113 4098 Conceptione
1132 4031 1219 4080 habita
1232 4043 1246 4079 s

187 4157 194 4166 „
296 4116 500 4165 deneardum
518 4114 718 4175 congregatione
732 4129 751 4164 s.
765 4117 804 4163 ln·
855 4117 888 4165 V.
908 4117 948 4164 die
969 4110 997 4166 31
1021 4116 1121 4176 augusti
1135 4129 1178 4166 an.
1191 4110 1246 4166 161:

296 4200 436 4264 quisitionis
444 4212 495 4270 pro
514 4194 685 4252 inmaculata
697 4194 730 4248 B.
746 4195 805 4252 Vir·
857 4200 976 4263 apadno
988 4212 1071 4250 seruo.
