2828 4904
444 320 620 390 ..15-

339 543 600 617 CAPUT
656 540 723 612 ΙΙΙ.

170 793 452 844 coitraovltnstta
476 793 600 841 STATUS
618 790 638 838 A
656 791 763 838 SCOTO
787 790 895 851 asotia

274 899 319 945 AD
345 899 534 945 conclamat
558 895 796 943 Terentianum

95 1102 259 1167 Hactenus
283 1099 471 1165 Scholastici
493 1099 549 1165 vix
571 1118 684 1164 verum
706 1094 949 1184 disceptationis
978 1094 1079 1160 huius
1132 1091 1309 1229 ,naletam

95 1227 156 1273 um
178 1204 364 1291 attigerant.
389 1203 521 1269 lllorum
537 1201 728 1291 plerumque
745 1198 923 1266 locutiones
940 1207 998 1265 aut
1015 1218 1080 1264 am·
1142 1240 1303 1300 impugnare-

96 1333 116 1377 e
145 1316 246 1397 atque
279 1310 422 1373 incertae
449 1314 558 1387 erant,
581 1314 640 1372 aut
669 1304 783 1393 procul
812 1303 913 1370 dubio
947 1303 1080 1369 nonita
1134 1313 1175 1356 tur
1188 1307 1311 1356 immacu-

95 1415 202 1492 ionae,
226 1419 265 1478 ut
287 1434 328 1477 ex
349 1411 414 1477 illis
438 1411 577 1499 liqueret
603 1417 715 1476 utrum
743 1409 782 1474 de
806 1408 911 1497 prima
933 1407 1080 1495 Virginis
1133 1378 1196 1512 Ἠ,
1212 1376 1310 1427 ο”“ω“

95 1516 218 1606 ptione‚
231 1536 329 1604 quem
351 1520 486 1582 activam
508 1512 879 1600 dicunt‚incompletam‚
896 1517 929 1577 el
952 1510 1083 1577 inchoa·

104 1641 142 1686 en
168 1640 246 1685 vero
270 1618 309 1684 de
332 1618 434 1684 altera
468 1616 623 1705 completa
646 1623 679 1683 et
701 1614 855 1704 perlecta,
879 1636 945 1704 qua
978 1614 1083 1680 anima

95 1722 106 1789 i
127 1721 353 1808 coniungitur,
365 1742 505 1809 eumque
527 1718 688 1799 informat,
701 1718 915 1785 disseruerint
932 1715 986 1808 (l).
1012 1720 1085 1798 Quo

95 1846 127 1891 m
142 1831 253 1904 estut
265 1824 440 1890 sententiae
456 1822 630 1911 utriusque
646 1821 773 1910 patroni
786 1820 826 1885 ad
842 1842 876 1886 se
892 1820 965 1887 illos
981 1821 1085 1886 trahe-
1137 1789 1315 1911 ,ffimm'

97 1936 158 1995 aut
174 1936 263 1994 certo
279 1950 338 2016 pro
352 1949 411 1993 suo
423 1927 563 2016 quisque
576 1925 694 2015 placito
706 1934 913 2015 exponerent.
930 1925 1085 1992 Omnium

96 2179 152 2232 lam
171 2179 198 2231 id
209 2181 314 2244 contigit
326 2181 391 2231 circa
409 2195 508 2246 germa-
560 2180 608 2245 olpi
618 2180 671 2231 sine
679 2180 736 2233 labe
745 2181 860 2246 originali
872 2181 933 2232 ninii
942 2179 1013 2231 allud
1025 2177 1084 2228 iue-

96 2265 238 2317 .Bernardi
255 2267 413 2332 sententiam,
433 2279 509 2330 quarn
561 2266 604 2332 rit,
616 2278 692 2329 qnam
714 2278 745 2316 ex
758 2265 783 2316 ri
797 2265 900 2329 originis
914 2263 1009 2314 habere
1021 2275 1080 2312 san·

96 2348 265 2400 ascholastiei
275 2349 307 2398 de
316 2347 403 2400 activa
412 2362 514 2412 genera·
565 2349 688 2415 atitatem,
700 2348 739 2399 rei
751 2349 846 2398 donum
859 2346 961 2411 aliquod
975 2349 1082 2395 naturae

96 2433 183 2484 liciam
192 2433 223 2482 ab
235 2445 266 2482 eo
275 2444 331 2482 esse
344 2432 454 2482 latentur
466 2446 511 2483 seu
564 2432 763 2499 superadditum,
782 2437 860 2496 atqua
878 2430 954 2481 huius
972 2427 1084 2493 erigim-

96 2521 217 2583 etantur,
234 2521 264 2566 ut
282 2530 329 2566 suo
340 2516 397 2566 loco
419 2517 516 2569 videbi·
568 2517 607 2567 rio
619 2517 696 2580 stipiti
715 2515 942 2567 transfundendum
952 2514 978 2566 ln
996 2517 1083 2577 posts-

96 2602 162 2652 ldem
174 2600 252 2650 dicito
262 2600 294 2650 de
303 2600 360 2663 ipsis
369 2601 517 2652 vetustiori·
568 2615 610 2652 ros
631 2602 727 2652 datum.
744 2592 772 2652 2.
789 2602 865 2667 item,
881 2602 970 2650 tenent
989 2610 1081 2663 pacca-

96 2685 227 2736 bolasticis
239 2684 360 2747 incipiens
372 2686 403 2734 ab
416 2685 517 2736 illorum
570 2690 625 2735 tum
652 2687 776 2749 originale
805 2686 883 2748 magis
904 2683 1032 2750 pertinere
1050 2683 1082 2733 ad

96 2783 128 2821 ro
137 2769 219 2819 Petro
229 2768 381 2819 lombardo.
390 2770 519 2834 Siquidem
571 2774 783 2835 naturam,quam
794 2771 825 2820 ad
843 2782 987 2835 personam,
1005 2768 1083 2832 magis

96 2870 103 2907 t
116 2857 155 2906 illi
169 2856 288 2906 doctores
299 2856 374 2918 longe
394 2856 467 2907 aliter
478 2871 520 2908 aas
572 2858 603 2907 ad
614 2871 726 2924 carnem,
737 2859 854 2922 quemad
866 2858 982 2922 animam,
995 2861 1021 2906 et
1029 2855 1083 2919 pri·

97 2954 131 2992 tea
150 2939 326 3003 intelligebant
344 2939 446 3009 concipi
459 2954 522 2994 aaa·
574 2956 616 2992 mo
634 2941 737 2993 iniicere
748 2956 859 3009 carnem,
872 2947 959 3006 postea
978 2940 1086 2990 animam

97 3023 138 3074 rel
150 3020 255 3090 concipi
265 3021 321 3074 sine
333 3019 392 3073 tate
404 3021 521 3091 origina-
571 3025 705 3088 peripsam
714 3025 834 3075 unionem
842 3038 901 3075 cum
910 3023 1001 3075 iniecta
1010 3036 1087 3073 carne

97 3107 239 3169 intelligant
251 3112 386 3157 assertores
399 3107 454 3170 piae
467 3122 525 3158 sen·
578 3109 732 3160 seminaliter
740 3113 871 3172 concepta.
883 3104 909 3162 3.
922 3110 1019 3160 Doceat
1027 3119 1088 3171 pec·

97 3202 167 3253 ipro
182 3190 290 3252 gratuita
310 3204 385 3254 quam
403 3191 525 3253 aliquisa
578 3197 637 3242 cato
665 3192 781 3256 originali
807 3205 899 3256 eorpus
921 3191 988 3243 inlici
1006 3205 1038 3242 ex
1056 3204 1088 3241 eo

97 3272 211 3339 originali
231 3287 276 3336 per
302 3275 407 3337 gratiam
434 3274 526 3325 Christi
578 3278 647 3340 quod
656 3276 682 3327 in
695 3277 790 3327 semine
801 3282 885 3328 certae
895 3277 926 3327 ad
936 3276 1056 3329 iustitiam
1064 3289 1091 3325 o·

97 3372 135 3408 ‚ur
165 3360 378 3420 praeservatione.
408 3359 525 3424 Namque
576 3361 856 3426 riginaieminprolem
868 3360 1092 3412 transfundentium

97 3446 205 3509 veteres,
216 3446 293 3507 atquo
314 3444 379 3506 apud
390 3443 472 3507 ipsum
489 3442 528 3494 A·
580 3445 716 3508 requisitae
733 3446 908 3509 dispositiones
923 3447 1013 3512 desint,
1026 3456 1091 3508 qnae

97 3533 146 3578 tem
161 3526 188 3576 in
210 3529 341 3577 sanctitate
359 3528 529 3590 conceptionis
582 3530 658 3580 statui
668 3531 797 3582 innocenti
806 3531 1022 3596 inerant3animam
1033 3541 1094 3578 reto

97 3611 128 3662 tlt
145 3611 243 3662 mentio
258 3612 353 3676 gratiae
365 3612 470 3678 Christi,
483 3612 527 3663 sed
578 3627 661 3680 exeo,
671 3615 729 3678 qula
741 3614 865 3666 sstintacti
877 3616 990 3679 corporis
1004 3613 1093 3664 torma.
1147 3663 1151 3669 ,

97 3702 167 3747 intur
187 3696 323 3761 primordia
342 3701 465 3763 naturae,
486 3711 531 3760 per
583 3695 609 3747 4.
627 3700 780 3763 loquuntur
798 3700 830 3751 ds
847 3704 952 3764 peccato
971 3696 1096 3762 originali,

98 3781 225 3846 rliquisex
233 3782 258 3832 ai
266 3787 292 3832 et
302 3783 377 3832 modo
386 3781 464 3844 ipsius
472 3795 530 3831 eon·
544 3780 548 3791 ’
582 3789 708 3847 quatenus
718 3796 767 3850 per
778 3798 806 3836 aa
817 3789 843 3833 et
851 3780 1037 3851 praepatari·
1055 3780 1095 3828 in-

98 3861 362 3932 inigenitepaaaeaer
373 3879 387 3914 a
400 3865 494 3915 meritis
503 3871 530 3916 et
582 3866 635 3917 licit
653 3872 779 3934 naturam,
791 3867 861 3933 quod
882 3880 926 3930 per
943 3852 1097 3916 ordinariam

98 3992 99 3997 ,
121 3949 226 4016 Christi,
244 3950 400 4014 concipiatur
420 3955 530 4017 sanctus,
583 3954 772 4015 generationem
783 3966 833 4002 una
845 3963 904 4001 cum
915 3953 1098 4000 naturatrans-

98 4037 241 4087 danicum
252 4033 532 4100 iustitiaoriginrii,aut
585 4034 715 4101 fundatum
734 4037 817 4101 sitque
835 4036 866 4085 ab
884 4032 1009 4084 ordinaria
1027 4046 1101 4096 geae-

98 4119 175 4184 gratta
191 4117 318 4169 eiusmodi
327 4117 465 4168 conditioni
475 4133 534 4169 con·
585 4122 694 4187 rationo,
706 4108 757 4170 non
768 4134 813 4185 per
823 4118 915 4169 Christi
929 4117 1046 4185 gratiam,
1055 4118 1099 4168 sed

98 4205 147 4257 tter
156 4200 253 4269 inlusa,
261 4201 339 4253 ita-ut
348 4201 413 4266 apud
423 4214 467 4254 eos
479 4215 536 4255 con·
588 4217 634 4269 per
646 4205 727 4259 solam
736 4203 847 4259 tumoris
857 4205 966 4254 naturae
977 4201 1003 4254 tn
1012 4214 1103 4268 peren-
