2828 4904
531 313 734 384 -239-

437 520 772 624 APPENDIX
802 537 843 623 1.

96 779 277 825 (territans
307 774 468 826 tantatos
500 781 701 841 carentem,
733 780 855 842 QUIBUS
885 779 906 826 A
939 779 1092 826 DIVERSIS
1119 776 1172 824 ΒΚ.

96 866 97 870 ¹
126 875 390 947 cannamomum
408 885 686 934 Ancfflnmscopts
704 887 747 934 ΕΤ
760 887 932 933 nntsconts
951 883 1074 931 Pnrlrn
1094 888 1174 934 FUIT

130 990 305 1038 tacueras
330 990 370 1039 An
394 990 608 1039 Arosaontcn
639 992 723 1037 SEDB
747 991 937 1038 nnttcmttnt
966 991 1001 1035 {N
1028 989 1175 1039 Patern-

133 1097 232 1144 motta:
250 1096 372 1145 mtsssss
389 1098 433 1145 Da
450 1097 689 1146 concitemur:
707 1099 736 1143 B·
749 1097 783 1145 V·
800 1097 921 1145 VOCEM
937 1101 1176 1146 rumenam.

470 1286 800 1353 fltspntaas

171 1503 210 1567 la
239 1500 417 1568 ordinariis
439 1521 606 1570 sacrorum
622 1505 762 1570 Ritnum
778 1502 1048 1588 Congrcgationis
1075 1504 1175 1570 comi-

96 1602 141 1669 no
159 1603 202 1670 ad
233 1605 420 1684 Quirinales
448 1605 559 1672 Aedes
584 1607 646 1673 sub
670 1607 879 1690 infrascripta
894 1605 949 1669 die
968 1606 1091 1670 habitis
1119 1627 1181 1692 per

96 1707 389 1786 eminentissimum,
402 1715 436 1773 et
449 1709 756 1775 reverendissimam
780 1709 953 1774 dominnm
970 1708 1181 1776 cardinalem

96 1808 237 1874 oannem
263 1810 472 1876 Franciscam
503 1813 817 1900 Marco-y-Cataian
848 1811 1026 1876 relatorem
1054 1830 1177 1897 propo-

96 1907 312 1977 itainstantia
334 1913 597 1994 eminentissimi,
612 1922 647 1981 et
662 1913 928 1981 reverendissimi
951 1913 1078 1979 domini
1102 1916 1181 1981 Car-

96 2010 201 2080 linalis
233 2016 489 2102 Archiepiscopi
516 2017 718 2102 Hispalensis
750 2035 826 2083 cum
862 2038 939 2082 snae
967 2018 1178 2085 Cathedralis

96 2112 265 2200 iapitulo‚
293 2118 493 2202 requirentis
518 2120 742 2186 extensionem
758 2118 799 2183 ad
815 2128 1030 2185 memoratam
1048 2121 1177 2186 Archi-

96 2214 262 2285 iioecesim
289 2219 415 2292 indulti
441 2221 506 2287 iam
540 2221 670 2306 pridem
693 2221 841 2286 concessi
864 2220 1045 2287 Ordinibus
1071 2221 1177 2289 sancti

96 2318 263 2402 drancisci,
293 2322 439 2389 addendi
465 2325 622 2390 nimirum
648 2324 683 2388 in
716 2323 923 2391 Praefatione
953 2325 1068 2389 Missae
1096 2345 1181 2411 pro-

96 2425 171 2503 pnae
202 2427 441 2510 Conceptionis
467 2430 584 2495 Beatoe
608 2429 729 2494 Mariae
756 2428 904 2512 Virginis
935 2427 1071 2493 verbum
1086 2433 1180 2492 -Im-

105 2528 254 2593 mnata-
271 2527 352 2594 adeo
387 2536 425 2594 ut
458 2530 525 2615 legi
555 2538 692 2615 queat·
714 2529 755 2595 at
783 2537 807 2595 tc
840 2531 873 2593 in
901 2532 1085 2616 conceptione
1116 2536 1181 2598 Im-

103 2629 222 2694 natata
238 2662 258 2675 .
276 2630 549 2712 eminentissimi,
577 2639 612 2697 et
639 2632 903 2698 reverendissimi
935 2635 1047 2696 Patres
1080 2634 1180 2698 sacris

100 2728 222 2796 incudis
261 2731 381 2797 ritibus
408 2735 596 2820 praepositi,
624 2754 659 2800 re
686 2745 815 2802 mature
839 2755 1014 2822 perpensa,
1042 2735 1181 2823 diligen·

96 2827 181 2919 iique
213 2834 355 2898 examini
385 2835 549 2916 subiecta,
571 2837 841 2922 respondendum
865 2848 1068 2903 censuerant
1086 2841 1183 2904 -Pro

96 2940 193 3002 traria
207 2973 228 2986 -
247 2939 359 3023 Atque
376 2939 420 3002 ita
437 2940 692 3024 rescripserunt,
715 2961 752 3005 ac
777 2941 810 3005 in
829 2942 979 3006 universa
995 2941 1185 3026 Hispalensi

96 3038 345 3105 trchidioecesi
373 3042 406 3104 in
433 3051 603 3126 posterum
627 3044 748 3108 servari
771 3063 866 3128 posse
889 3044 1099 3111 mandarunt.
1125 3046 1185 3113 nie

96 3133 103 3192 ἱ
137 3142 339 3227 septembris
363 3138 458 3209 1834.

174 3349 239 3413 Pro
263 3351 352 3426 Emo,
378 3359 413 3415 ct
438 3353 519 3417 [imo
543 3355 578 3417 1).
606 3348 701 3415 Card.
727 3349 878 3415 Pedicini
903 3353 1086 3419 Praefecto.

593 3563 628 3629 C.
653 3560 760 3629 Cana.
786 3561 1020 3636 Onascnncm.
