2828 4904
322 468 353 522 et
377 458 590 522 necessariam
607 480 645 522 ex
670 460 851 522 memoratis
868 454 1099 543 expositionem
1115 459 1293 542 admittere3
1312 481 1365 525 coru

321 571 369 625 tre
405 585 480 627 vero
511 584 571 626 non
595 560 639 625 ita
663 563 756 625 t'aciie
790 562 930 626 err-rudem
957 563 1060 646 aptari
1084 562 1131 627 itii
1155 585 1247 649 posse
1270 565 1367 642 textuit:

319 664 419 750 quic
453 665 640 749 posterioris
669 665 842 729 sententiae
873 666 1169 750 propugnatoribus
1191 667 1224 731 iu
1252 667 1325 732 medi
1358 742 1361 749 Ι

318 767 464 831 affertur.
495 771 542 832 Ex
566 789 630 854 quo
647 767 772 831 tandem
799 767 878 831 iliud
902 767 1102 847 deducimus,
1119 790 1250 837 causum
1271 769 1330 835 dc'

318 868 476 936 maculata
503 871 539 934 B.
564 870 708 954 Virginis
732 870 943 954 Conceptione
967 869 1024 935 boc
1048 871 1154 957 primo
1175 870 1237 936 sub
1258 893 1291 936 as

318 971 549 1043 consideratum
575 975 607 1038 in
632 975 745 1038 tutiori
769 974 837 1038 loco
861 995 929 1038 esse
950 974 1146 1043 collocatam.

792 1175 822 1271 g.
848 1183 889 1246 n.

463 1385 596 1449 Petrum
619 1398 709 1471 atque
729 1386 923 1473 Scriptorum
947 1389 1219 1455 ecclescosticorum

399 1492 591 1564 testimonia,
614 1512 692 1575 quac
714 1490 862 1554 alterutri
877 1490 996 1576 placito
1019 1491 1123 1573 susurre
1142 1495 1298 1571 -or'deutur,

510 1595 714 1678 conseruntur
736 1595 829 1660 simut
852 1604 942 1679 atque
966 1597 1183 1680 rependuntur

396 1801 480 1866 Mihi
503 1800 560 1865 diu
584 1822 620 1866 ac
634 1801 746 1867 sedulo
768 1801 959 1887 expendenti
981 1823 1018 1867 ea
1040 1803 1173 1868 Petrum
1208 1805 1284 1869 testi

78 1894 255 2014 ωξῑΐθθὲξιὶᾞ]
307 1911 404 1987 atque
419 1902 523 1978 elicta,
543 1924 626 1988 qnae
640 1924 789 1989 praesens
813 1911 956 1988 spectant
978 1914 1221 1988 argumentum,
1239 1928 1284 1992 qu

76 2035 117 2083 Βῆ,
150 2034 252 2082 pm„
307 2006 420 2074 maiori
444 2028 508 2091 qun
526 2006 619 2070 licuit
630 2004 691 2070 fide
706 2006 803 2092 paulo
819 2013 892 2070 ante
903 2007 948 2070 ita
963 2005 1129 2093 descripsi,
1149 2009 1197 2073 uti
1215 2009 1258 2074 ab
1274 2010 1301 2075 ai

75 2106 250 2224 pgpwppiprsr
304 2108 387 2172 trius
404 2109 580 2174 sententiae
592 2111 734 2194 patronis
757 2109 865 2174 afferri
888 2109 1074 2194 singiliatim
1091 2131 1310 2190 consuevere,

302 2235 372 2281 mus
388 2213 605 2299 aliquatenus,
622 2220 659 2277 ut
674 2234 785 2280 verum
809 2212 924 2290 fatear,
945 2235 1059 2299 anceps
1076 2214 1191 2281 haesit.
1218 2202 1365 2305 siquid

301 2317 358 2403 qui
384 2318 568 2403 Augustino
592 2319 674 2383 duce
697 2318 850 2382 adversus
875 2317 1072 2403 pelagianam
1095 2319 1261 2384 baeresim
1280 2314 1356 2408 prii

301 2421 411 2505 geniae
434 2421 517 2486 labis
530 2422 564 2486 in
580 2442 689 2491 omnes
712 2420 800 2484 Adae
822 2427 967 2507 posteros
990 2421 1257 2506 propagationem
1272 2426 1369 2510 propti-
1395 2458 1400 2489 :

301 2533 449 2609 gnorunt,
466 2547 504 2590 ne
525 2525 649 2590 beatam
671 2525 801 2610 quidem
824 2524 1020 2609 Virginemc
1036 2525 1199 2588 communi
1224 2527 1369 2591 homiuu'

301 2627 480 2692 conditione
504 2637 671 2714 exceptam
693 2626 795 2691 fuisse
820 2626 968 2695 videntur
991 2648 1256 2705 asserere,.cum
1275 2625 1353 2695 uita

302 2732 461 2796 communi
475 2732 598 2797 ratione
614 2731 715 2797 fuerit
727 2739 903 2819 procreata.
917 2733 1065 2810 Quorum
1078 2753 1176 2818 porro
1192 2748 1355 2801 mensore
1379 2772 1382 2777 -

300 2834 400 2918 magis
423 2833 528 2898 elucet
545 2834 631 2922 quod
655 2836 776 2901 Christi
810 2856 938 2900 caruem
964 2835 1036 2900 ideo
1059 2835 1360 2903 immunemaouts
1384 2824 1400 2831 ⁶

246 2965 248 2971 ·
301 2937 393 3021 gione
423 2938 573 3023 originali
603 2941 778 3017 affirment,
808 2940 884 3026 quic
908 2941 976 3004 sinc
1003 2937 1202 3019 concubitu,
1225 2950 1259 3007 et
1279 2946 1323 3004 ext
1361 2964 1368 3029 .'

299 3038 461 3105 ordinaria
475 3040 565 3127 plane
589 3044 712 3109 ratione
736 3028 886 3128 concepta
899 3041 1008 3107 inerit.
1025 3036 1159 3112 Accedit
1174 3043 1265 3130 quod
1279 3041 1323 3108 eid

299 3144 515 3208 sanctissimae
542 3147 601 3210 Dei
624 3143 782 3215 Genitrici
812 3144 1068 3223 accommodent,
1098 3146 1196 3213 inuno
1221 3154 1255 3213 ct
1278 3132 1365 3210 eided'-

298 3249 392 3333 quusi
414 3249 652 3335 pronuncianda
676 3250 821 3321 tribuant
835 3250 888 3314 im
906 3249 1036 3314 Doridis
1055 3248 1165 3315 verba:
1177 3251 1259 3317 Ecce
1274 3255 1304 3314 iu
1316 3247 1355 3310 uic

295 3353 463 3438 quitatibus
476 3367 636 3441 conceptus
650 3378 729 3431 sum,
745 3367 772 3418 et
788 3360 962 3440 inpeccatis
974 3359 1110 3440 concepit
1124 3376 1171 3418 mc
1185 3368 1286 3421 muter
1298 3366 1353 3428 run

296 3466 392 3542 utque
415 3457 530 3522 exinde
552 3458 704 3536 inferant,
731 3460 803 3530 iure
826 3480 953 3527 carnem
975 3458 1107 3524 Murice.
1122 3459 1233 3524 vocari
1258 3476 1354 3524 carum

292 3566 424 3645 percuti,
447 3569 606 3646 quatenus
629 3582 703 3626 vere
727 3567 893 3646 peccatum
916 3560 1124 3638 contraxerit,
1148 3569 1251 3658 prout
1273 3574 1355 3626 verce

295 3681 421 3724 curnem
442 3649 567 3739 babuit,
592 3669 630 3726 ut
653 3685 693 3727 ex
707 3663 876 3747 Fulgentio
899 3670 996 3748 patet.
1022 3663 1146 3729 Idcirco
1171 3664 1295 3730 addunt
1308 3661 1356 3727 bic

295 3763 362 3842 riae
386 3784 513 3828 carnem
541 3767 743 3844 mundatam,
772 3771 998 3853 purificatam,
1025 3771 1254 3854 sanctificatam
1280 3766 1357 3831 fuisso

295 3866 485 3953 priusquam
508 3868 652 3932 Verbum
675 3892 715 3933 ex
738 3891 775 3934 ea
798 3890 925 3934 carnem
949 3870 1138 3956 susciperet;
1164 3870 1267 3958 idque
1288 3869 1358 3935 edre

297 3968 403 4032 niente
427 3970 459 4033 in
483 3992 552 4034 cam
576 3971 699 4056 Spiritu
718 3973 832 4036 Sancto
849 3972 978 4037 fuctum.
1387 3970 1400 4063 ξ

96 4063 204 4114 Eiidiiur
217 4065 247 4112 ii·

68 4129 151 4183 iorum
162 4139 206 4186 vis.

389 4074 478 4150 Quae
503 4076 633 4161 quidem
655 4079 760 4143 omnia
784 4080 959 4165 spernenda
983 4102 1044 4147 non
1067 4086 1162 4162 sunt3
1190 4075 1362 4165 praesertin

302 4196 374 4238 cum
391 4179 558 4245 nonnullos
570 4181 619 4250 vel
634 4183 740 4268 magui
757 4184 893 4282 nominis
910 4165 1070 4269 tboologos
1088 4181 1279 4269 impulerint
1295 4189 1326 4247 ut
1338 4178 1362 4242 in
