2828 4904
95 464 123 517 si
142 467 239 518 arrecta
380 451 413 518 Si
438 452 543 539 primo
575 448 723 515 edicatur
743 449 837 515 modo
854 449 1035 536 dogmatica
1058 449 1227 530 definitio,
1254 452 1370 518 solidior
1400 499 1406 539 ,

62 535 239 659 tqpptpraofl-
289 555 385 624 facile
411 560 486 636 erit,
512 578 617 644 neque
641 557 875 643 oppugnationi
899 555 1007 621 locum
1031 556 1202 646 relinquet
1225 559 1310 647 apud
1330 581 1372 625 ca
1401 605 1406 644 ,

61 622 129 730 isset
161 623 238 660 curor
288 661 437 741 tbolieos‚
451 669 612 749 quotquot
636 661 715 726 tales
739 670 771 726 et
798 661 926 726 nomine
954 668 987 728 ct
1006 682 1043 727 re
1062 663 1252 730 extiterint.
1270 665 1373 732 Tamen
1400 712 1406 749 ,ἵ

288 764 367 850 quia
393 762 481 849 apud
499 763 681 842 nonnullos,
706 763 763 852 qui
788 760 982 829 morosiores
1007 772 1085 831 sunt
1109 786 1149 832 ac
1174 765 1406 855 difficiliores„

287 866 384 934 facile
408 865 484 932 inde
513 870 637 935 exoriri
660 867 883 956 querimoniae
908 868 1204 957 contentionesque
1234 879 1374 960 possent,

75 997 144 1047 uinis
161 998 237 1049 ettam
286 973 361 1040 ideo
384 974 488 1039 satius
512 971 650 1040 fortasse
678 971 762 1039 loret
794 971 896 1038 abeo
924 971 1101 1041 abstinere.
1133 974 1299 1042 Ceterum
1322 975 1373 1042 alia

76 1081 122 1130 Μ
140 1069 219 1120 ⁸⁰¹³¹⁰
288 1078 434 1166 suppetit
465 1078 518 1144 via
544 1099 629 1165 qnae
659 1085 693 1145 et
715 1077 844 1164 planior
869 1083 920 1141 est
943 1083 976 1143 et
1006 1079 1094 1144 omni
1120 1079 1308 1168 asperitate
1334 1101 1373 1147 ca·
1402 1132 1406 1172 ,

58 1137 232 1260 “imm
287 1201 374 1258 reus,
391 1201 456 1267 qna
473 1178 546 1246 finis
564 1202 631 1267 quo
650 1187 834 1267 spectamus
850 1176 993 1245 obtineri
1007 1200 1050 1246 ex
1067 1201 1180 1270 aequo
1204 1190 1328 1270 posset3
1340 1182 1373 1251 di·
1402 1238 1406 1279 ἰ

65 1279 227 1333 obtineretur
286 1289 374 1348 recte
396 1280 547 1348 videlicet
573 1280 755 1347 definiendo
781 1281 961 1348 Ecclesiam
987 1303 1050 1348 nou
1075 1279 1149 1349 lalli
1186 1285 1285 1352 circa
1309 1285 1367 1353 reri
1399 1341 1406 1382 l

286 1393 384 1452 tatem
410 1383 530 1452 obiecti
557 1386 650 1453 cultu
677 1386 738 1452 boc
772 1386 955 1476 propositi,
974 1407 1042 1474 quo
1076 1408 1197 1476 nempe
1230 1388 1364 1457 recolitur
1402 1424 1406 1488 q

287 1491 325 1558 b.
348 1490 496 1579 Virginis
523 1489 564 1558 ab
586 1491 674 1557 omni
699 1491 770 1558 labe
800 1492 988 1558 immunitas
1004 1492 1039 1558 in
1065 1492 1177 1580 primo
1201 1495 1284 1561 eius
1312 1493 1368 1563 (los
1398 1553 1406 1594 Ξ

287 1597 447 1688 ceptionis
465 1601 644 1664 momentot
661 1599 855 1678 autetiam,
879 1607 919 1664 ut
933 1599 1007 1665 aliis
1035 1600 1187 1688 idipsum
1217 1603 1370 1671 efferamus
1398 1638 1406 1701 ·,

287 1700 416 1781 verbis,
446 1699 627 1769 deliniendo
652 1702 832 1768 Ecclesiam
856 1723 919 1768 non
942 1701 1010 1770 falli
1034 1704 1112 1771 dum
1146 1706 1253 1773 iuxta
1283 1707 1368 1797 pian.
1396 1741 1406 1805 q

287 1826 395 1872 veram
412 1814 511 1894 atque
528 1805 569 1873 ab
596 1806 747 1872 omnibus
762 1806 941 1875 ,tenendam
964 1809 1160 1876 seutentiam
1178 1812 1221 1877 B.
1245 1810 1369 1899 Virgine
1393 1866 1406 1909 Η

287 1908 328 1976 ab
345 1910 431 1977 omni
451 1909 523 1977 labe
540 1912 777 1978 immunitatem
794 1912 827 1979 in
846 1911 951 2000 primo
974 1913 1045 1978 eius
1064 1899 1307 2003 Conceptionis
1324 1936 1367 1982 no
1392 1934 1406 2012 q

285 2023 393 2082 mento
420 2015 645 2082 celebrandam
662 2018 825 2105 proponit.
851 2015 1125 2104 Quandoquidem
1143 2019 1175 2084 si
1202 2019 1255 2088 ita
1283 2042 1316 2088 se
1333 2039 1367 2086 sss
1396 2077 1404 2117 ί

283 2116 435 2198 baberet,
459 2118 630 2186 haereseos
653 2128 762 2187 uotam
787 2127 913 2186 tantum
940 2121 1178 2202 incurrerent,
1205 2123 1272 2211 qui
1303 2122 1364 2189 ain
1396 2178 1406 2222 ξ,

280 2223 368 2290 modi
387 2223 584 2291 inerrantiae
599 2223 863 2313 refragarentur3
879 2224 967 2313 quod
983 2246 1025 2291 ex
1042 2225 1229 2294 catholicis
1242 2223 1359 2317 probat
1396 2281 1406 2327 q

279 2349 373 2396 nemo
399 2349 486 2395 unus
507 2331 695 2414 tentaverit3
719 2351 795 2396 cum
817 2329 938 2396 veritas
964 2329 1044 2395 baec
1067 2351 1170 2418 penes
1197 2328 1350 2403 omnus
1402 2395 1406 2435 ¹

278 2454 331 2501 ma
347 2434 391 2501 sit
409 2454 446 2501 ac
462 2441 544 2501 rata.
562 2434 696 2500 interim
717 2442 841 2501 sartum
858 2442 1046 2521 tectumque
1064 2431 1249 2505 obiectum
1268 2436 1349 2523 dopo
1401 2480 1406 2521 ,1

278 2538 389 2625 agitur
410 2547 566 2605 maneret:
587 2537 752 2607 Ecclesiae
770 2559 909 2626 namque
921 2547 1027 2604 mente
1049 2539 1096 2606 ita
1117 2537 1357 2620 declar-atace
1402 2532 1406 2543 ⁴

278 2659 331 2706 mo
355 2662 442 2707 nnus
464 2640 549 2708 citra
571 2641 709 2729 insignis
731 2641 924 2708 temeritatis
948 2650 1056 2708 notam
1074 2639 1162 2708 illud
1186 2643 1226 2710 in
1245 2642 1359 2711 dubiun

279 2766 418 2826 vocare,
438 2744 542 2812 multo
565 2767 643 2812 uero
658 2746 767 2813 minus
791 2747 983 2834 impugnare
1005 2753 1126 2834 posset.
1144 2747 1253 2826 Quod
1276 2749 1303 2815 si
1322 2765 1361 2812 ne
1402 2740 1406 2837 ,

86 2865 140 2918 Aut
151 2870 226 2920 etiam
279 2871 345 2938 que
359 2850 439 2916 baec
454 2849 604 2918 arriserit
620 2850 792 2917 definiendi
809 2850 905 2930 ratio,
921 2849 1023 2918 nihilo
1040 2850 1150 2918 secius
1168 2853 1362 2942 propositor

45 2941 224 3062 ,dlgfflffi
279 2953 421 3022 obtineri
445 2963 554 3042 posset
572 2976 631 3044 per
646 2956 778 3022 tacitam
801 2952 1032 3033 definitionem,
1044 2975 1111 3045 qua
1138 2954 1363 3023 decerneretur

279 3062 434 3127 sanctitas
457 3060 670 3130 ecclesiastici
682 3061 784 3141 ritus,
797 3060 894 3127 cuius
912 3059 948 3125 fit
960 3081 1042 3127 usus
1055 3060 1089 3126 in
1101 3060 1245 3131 colendo
1257 3062 1296 3129 Β.
1309 3060 1364 3129 tia
1377 3058 1381 3065 '
1397 3076 1400 3085 ·

280 3165 348 3231 riae
372 3167 518 3252 Virginis
535 3166 720 3254 conceptu,
737 3174 836 3254 prout
859 3186 947 3232 nunc
962 3164 1097 3231 obtinet.
1124 3165 1200 3232 Hac
1226 3186 1303 3232 sane
1324 3183 1363 3228 ra

282 3265 368 3331 tione
388 3267 563 3335 tridentina
577 3269 736 3358 Synodus,
751 3277 788 3334 ut
805 3268 958 3346 vidimus,
976 3267 1088 3355 plures
1101 3267 1278 3337 Ecclesiae
1294 3266 1365 3333 ritus
1404 3336 1406 3343 ,

280 3391 460 3459 eorumque
477 3373 679 3440 sanctitatem
693 3373 840 3452 sancivit,
854 3372 913 3460 qui
925 3393 1000 3439 cum
1013 3372 1086 3439 iure
1099 3371 1279 3441 coniuncti
1290 3376 1363 3446 sunt,

278 3496 317 3541 ac
340 3475 435 3542 linem
456 3498 554 3564 quem
571 3476 634 3543 sibi
651 3477 839 3564 praestituit
863 3485 913 3543 est
933 3483 1092 3542 assecuta.

45 3601 223 3653 sarnanum.
369 3582 531 3660 Quoniam
547 3603 625 3649 vero
647 3564 827 3668 dogrbatica
851 3582 952 3649 unius
967 3580 1147 3647 sententiae
1174 3581 1361 3650 sanctione

61 3671 93 3751 ‘l'
115 3685 206 3723 ⁰⁰'¹¹¹¹¹
277 3684 421 3750 cessario
438 3682 718 3771 ¹improbationem
748 3685 1083 3774 proscriptionemque
1110 3686 1301 3753 sententiae
1320 3681 1359 3751 ad·

43 3753 225 3862 llld'leiil.
279 3789 435 3855 versantis
447 3787 596 3868 includit,
606 3810 704 3877 qnam
716 3811 778 3856 non
790 3791 888 3877 pauci
899 3789 1042 3875 insignes
1054 3785 1217 3877 ductique
1226 3791 1353 3878 viripn

54 3884 215 4002 lllffiizffl·
272 3896 479 3978 pugnarunt,
504 3901 537 3959 et
556 3916 698 3981 qnorum
720 3895 756 3960 in
769 3893 949 3962 Ecclesiam
975 3891 1092 3961 merita
1122 3895 1301 3980 praeclara
1318 3910 1354 3957 cs·

280 3997 384 4077 titere,
409 4000 493 4064 ratio
506 3999 639 4065 illorum
666 3997 790 4086 pariter
807 3999 952 4065 habenda
982 4005 1042 4063 est.
1064 3997 1238 4077 Quocirca
1260 3999 1304 4065 ita
1318 3995 1356 4063 de
1397 4066 1406 4099 ,

279 4102 361 4167 creti
387 4103 485 4171 rerba
512 4105 658 4171 emollire
680 4126 740 4192 par
757 4112 860 4184 esset,
888 4115 926 4170 ut
953 4103 1033 4168 dnm
1050 4102 1197 4189 alterum
1218 4104 1355 4194 placitum
1388 4095 1406 4218 {l

279 4204 476 4286 adstruitur,
505 4210 640 4277 alterius
667 4209 780 4300 placiti
809 4209 952 4299 patronis
981 4207 1069 4274 nulla
1097 4208 1261 4279 inuratur
1282 4211 1352 4285 notu
1388 4198 1406 4319 ’“
