2828 4904
98 435 292 536 am⁷tniss03
304 443 343 502 ut
358 437 390 501 in
403 436 477 502 ntiis
489 436 570 503 bene
581 436 692 502 multis
708 433 743 500 tit
758 447 871 521 magna
889 456 962 501 cum
980 418 1088 515 iaude,

96 541 189 607 ,ibus
216 563 279 606 non
300 542 346 607 ita
366 539 491 629 pridem
515 543 599 605 inter
621 561 656 606 se
679 539 828 605 catholici
853 539 1092 629 disceptabant

109 645 248 732 aliaque
276 644 311 710 id
339 666 453 731 genus,
477 665 561 732 quae
581 642 665 710 forts
693 643 907 722 obiicientur,
932 643 1011 709 adeo
1038 653 1088 709 me

96 756 301 828 termonem,
323 756 362 814 ut
389 771 429 814 ne
456 756 604 815 moveant
634 746 776 835 quidem.
806 748 889 814 Sunt
912 749 997 814 enim
1024 748 1090 837 pie-

105 862 173 920 aut
184 854 315 941 penitus
327 874 345 919 a
356 853 495 919 veritate
507 851 622 932 eliens,
637 853 801 918 autetiam
816 852 988 933 eiusmodi,
1004 875 1089 941 quae

96 981 119 1023 n
133 975 252 1022 meam
275 964 463 1023 convertere
480 953 568 1021 taciti
586 955 715 1042 negotio
729 955 860 1044 possim⁴

96 1062 265 1150 :primum
278 1060 410 1148 quidem
422 1083 461 1126 eo
473 1069 620 1148 spectare
631 1083 690 1126 nos
702 1060 971 1126 utdefinitionern
981 1068 1089 1125 extol·d

96 1185 176 1250 sus3
196 1167 230 1232 id
242 1167 405 1234 enimvero
422 1163 516 1231 nobis
531 1166 720 1252 imponitur,
740 1166 799 1254 qui
818 1183 881 1231 nou
897 1166 1089 1254 profitemur

96 1299 114 1351 ι,
136 1269 245 1336 sedet
263 1270 503 1347 contendimus,
524 1268 565 1334 ad
588 1290 691 1335 unum
713 1270 877 1357 portinere
904 1291 1091 1359 supremum

96 1377 168 1442 siae
176 1375 416 1442 Moderatorem
426 1374 612 1454 decernere,
628 1372 783 1462 expediat
794 1395 895 1441 necne
909 1385 1094 1441 controver-

1152 1072 1289 1122 situentur
1299 1053 1302 1062 ⁹

96 1481 283 1566 dogmatica
299 1480 485 1559 definitione
501 1478 666 1558 dirimere,
679 1485 712 1544 ot
724 1484 868 1544 statuere
882 1500 949 1566 quo
966 1481 1095 1566 potissi·
1156 1514 1165 1532 ·

95 1593 259 1674 tempore,
275 1585 398 1672 quibus
410 1585 445 1649 in
459 1604 571 1649 rerum
583 1582 763 1663 adiunctis,
776 1582 964 1671 quibusque
981 1585 1094 1652 verbo

96 1689 240 1756 ormulis
256 1691 299 1755 sit
319 1687 518 1768 definienda,
534 1709 641 1775 neque
663 1688 809 1754 eiusdem
826 1690 985 1756 anteverti
1008 1689 1094 1755 iudi·

97 1818 119 1862 a
134 1795 262 1883 privato
273 1796 427 1884 quopiam
440 1793 587 1880 theologo
599 1794 669 1859 sine
680 1795 800 1881 insigni
816 1797 1000 1862 temeritate
1020 1817 1092 1885 pos⁴

96 1900 164 1967 uod
180 1922 258 1987 ergo
274 1909 341 1967 toto
354 1901 387 1965 in
400 1901 460 1965 hoe
474 1919 573 1987 opere
584 1899 678 1965 nobis
690 1899 820 1986 ipsimet
833 1902 1092 1988 praestituimus,

95 2005 132 2072 in
157 2003 353 2070 definitionis
376 2024 492 2069 causas
526 2003 770 2090 inquisivimus,
786 2000 869 2069 illud
895 2027 999 2071 unum
1027 2003 1095 2071 init

96 2129 163 2175 sam
179 2109 402 2196 quaestionem
418 2108 452 2172 in
469 2127 503 2173 se
514 2107 743 2184 ectficoretice,
760 2115 798 2173 ut
809 2108 913 2188 aiunt,
932 2109 1095 2186 examine

96 2234 125 2279 s.
155 2213 259 2278 Hasce
283 2232 361 2279 vero
379 2232 496 2277 causas
524 2208 707 2298 expendere
730 2232 791 2298 pro
821 2211 911 2278 virili
934 2220 1033 2300 atque
1060 2213 1095 2279 in

97 2338 116 2384 s
144 2337 275 2384 versare
303 2324 435 2404 partes,
459 2314 606 2402 nequid
633 2315 782 2382 veritatis
815 2315 921 2382 latens
943 2324 1093 2397 mancat,

102 2421 142 2487 in
152 2420 260 2486 lucem
276 2442 341 2486 non
355 2417 555 2508 proteratur,
571 2440 665 2486 neno
680 2418 824 2509 prudens
832 2442 995 2510 perquam
1010 2421 1094 2489 utile

97 2525 280 2612 negaverit.
562 2535 565 2541 '
1082 2553 1084 2557 ·

96 2634 208 2720 seque
233 2651 313 2700 vero
330 2626 413 2696 illud
441 2651 516 2697 curn
534 2631 672 2699 scritate
702 2632 885 2700 consentire
912 2628 1095 2724 putandum

96 2739 183 2831 quod
208 2735 404 2803 confidenter
429 2735 627 2817 affirmatur,
644 2758 750 2825 neque
772 2738 919 2827 privatos
931 2745 1094 2827 quosque,

96 2866 114 2910 e
141 2861 258 2927 reges,
287 2859 393 2925 neque
422 2838 611 2925 principes,
641 2858 749 2928 neque
779 2841 948 2929 episcopos
977 2858 1096 2906 curare

96 2946 201 3024 dum,
221 2950 260 3010 ut
286 2943 342 3030 pia
365 2940 405 3006 de
428 2941 637 3008 immaculato
657 2945 818 3032 Deiparae
840 2945 1006 3033 Conceptu
1026 2952 1097 3009 sen‘·

96 3075 118 3119 a
151 3049 317 3140 pontificio
345 3047 494 3113 firmetur
519 3046 660 3113 decreto.
691 3047 753 3113 Sed
781 3058 938 3136 ponamus
961 3048 995 3115 id
1026 3070 1096 3115 esse

96 3159 237 3241 ssimum3
254 3154 368 3220 demus
388 3161 421 3218 et
444 3152 697 3219 christianorum
716 3152 840 3220 animos
861 3155 1025 3221 teterrima
1042 3153 1097 3219 iila

1147 1917 1197 1972 ties
1215 1918 1244 1970 tn
1256 1932 1283 1969 ss
1297 1927 1327 1968 se

1137 2017 1142 2028 ·
1164 1987 1308 2042 theoretice

1173 2067 1301 2127 spectatur

1147 2631 1223 2689 Nulla
1243 2635 1329 2687 estes

1159 2721 1227 2772 quac
1241 2708 1331 2758 obiici-

1148 2784 1193 2830 tur
1207 2780 1304 2829 incuria

96 3283 183 3353 rrum
200 3281 312 3327 rerum
332 3258 461 3325 incuria
478 3279 576 3346 qnam
588 3257 696 3345 *vulgo
716 3258 955 3347 indifferentiam
973 3280 1099 3346 nnncnf
1198 3299 1211 3351 v.

96 3415 102 3447 s
125 3372 290 3451 tamquam
313 3369 404 3450 peste
426 3361 570 3439 afflatos,
586 3361 667 3426 nihil
687 3381 759 3427 esse
779 3359 895 3429 dehac
913 3361 1099 3429 definitione

96 3471 184 3553 sitos3
210 3468 324 3533 demus
348 3486 462 3552 regum
486 3465 595 3531 studia
616 3463 681 3531 alio
699 3486 770 3531 esse
789 3467 963 3551 con'versa;
986 3465 1100 3533 demus

96 3596 119 3654 r,
143 3575 171 3638 si
190 3573 311 3662 placet,
328 3571 556 3659 episcoporum
578 3570 750 3658 plerosque
772 3565 847 3637 aliis
866 3572 957 3639 curis
980 3569 1100 3659 oppido

96 3675 214 3742 issimis
241 3676 276 3740 in
310 3681 398 3738 tanta
426 3673 486 3739 hac
518 3679 701 3760 temporum
730 3671 908 3738 acerbitate
943 3670 1101 3737 distentos

96 3801 114 3846 e
133 3779 320 3854 distractos,
334 3775 416 3842 nihil
432 3776 472 3843 dc
488 3784 600 3843 nostra
616 3776 911 3843 haccontrouersia
938 3775 1102 3862 cogitares
1136 3811 1141 3822 ·

121 3882 250 3948 tandem
272 3880 348 3946 inde
375 3881 439 3946 erit
459 3899 658 3968 consequens
673 3874 688 3946 P
706 3879 793 3946 Illud
820 3881 989 3959 videlicet,
1014 3876 1103 3966 quod

96 3988 191 4054 rsarii
221 3987 324 4052 nostri
349 3986 483 4062 minime
509 3985 644 4064 volunt,
673 3984 755 4050 nihil
781 4005 875 4071 posse
903 3984 962 4049 hac
990 3981 1102 4048 defini·

120 4090 339 4176 opportunius
357 4088 515 4154 accidere.
540 4089 582 4153 Et
604 4108 640 4154 re
656 4109 731 4152 sane
759 4109 852 4165 vera,
876 4087 926 4152 uti
947 4105 1029 4172 quos
1052 4105 1104 4159 ref

96 4217 125 4262 is
148 4193 231 4262 torte
254 4196 375 4284 aliquis
405 4194 623 4281 oppresserit,
646 4193 774 4258 nullum
801 4213 871 4288 esse
898 4191 1102 4280 praesentius

1201 3894 1298 3943 Verum
1309 3899 1335 3942 et

1167 3963 1215 4013 hac
1228 3965 1325 4037 incuria

1157 4033 1344 4096 eoncessaptoz,

1158 4105 1241 4154 finitio
1260 4099 1337 4152 intei-

1169 4177 1328 4236 remretop-

1193 4244 1308 4308 portura
