2828 4904
299 441 409 511 hicela
431 443 534 528 magis
557 463 684 530 semper
707 464 745 510 ac
779 447 881 532 magis
905 444 1066 532 explicata
1094 451 1195 534 atque
1216 446 1250 512 iu
1274 476 1277 505 t

298 558 358 636 ptu
373 568 435 614 suo
450 547 604 615 distincta
627 569 697 614 scse
721 552 947 636 progressione
969 550 1111 637 quadam
1134 562 1277 638 perpetu.¹

299 654 402 732 deret,
427 653 529 718 donoc
551 654 585 718 in
609 654 847 740 apertissimam
863 655 992 720 demum
1008 656 1116 723 lucem
1131 658 1268 723 veniret.

298 760 328 825 si
343 760 390 825 ita
406 780 440 824 se
460 780 514 825 res
531 758 646 838 habet,
663 760 782 846 ecquid
797 782 895 848 porro
911 761 1078 848 reliquum
1096 783 1169 828 csse
1186 772 1277 850 poter

299 861 493 941 bitatiouis‚
517 883 596 927 num
630 861 687 927 illa
722 863 903 948 dogmatico
937 865 1042 930 valeat
1065 865 1198 931 decreto
1235 867 1274 932 de

298 971 368 1035 Hoc
390 989 479 1054 ergo,
499 968 601 1034 veluti
624 968 788 1033 coronidis
812 967 895 1048 loco,
918 969 1151 1050 illustrandum
1176 973 1277 1060 susci]

301 1072 428 1160 duplici
451 1072 573 1137 iterum
607 1072 755 1151 ratione,
781 1079 923 1158 negative
947 1073 1073 1139 scilicet
1095 1095 1134 1139 ac
1157 1081 1277 1164 positio

302 1187 404 1245 totam
427 1177 635 1244 excutiendo.
729 1257 732 1261 ⁴

122 1302 250 1355 Pronum
391 1285 439 1347 Ac
462 1285 602 1366 negative
626 1280 778 1366 primum.
804 1281 1076 1368 Quandoquidem
1104 1307 1212 1373 neque
1235 1285 1263 1349 in

70 1375 153 1499 ἓν)
168 1385 251 1442 '¹²⁹⁶’
304 1387 366 1453 Dei
389 1386 522 1472 scripto,
542 1406 648 1472 nequo
664 1384 698 1449 in
715 1384 814 1451 verbo
830 1385 892 1451 Dei
910 1387 1028 1451 tradito
1044 1389 1215 1477 quidpiam
1230 1411 1277 1454 occ

302 1489 392 1578 quod
413 1488 571 1576 impedire
594 1488 645 1556 vol
671 1488 840 1554 minimum
863 1491 966 1576 possit
981 1512 1047 1578 quo
1064 1494 1174 1558 minus
1192 1495 1277 1558 imma

302 1596 487 1682 Conceptus
508 1594 628 1660 veritas
652 1595 703 1659 uti
726 1593 787 1659 hoo
809 1602 904 1682 pacto
929 1596 1069 1661 revelata
1094 1597 1253 1662 divinitus
1272 1597 1277 1661 l

109 1725 147 1775 ux
170 1724 250 1773 verno
302 1708 368 1766 tur.
381 1703 454 1767 Non
465 1699 598 1787 quidem
613 1699 647 1764 in
665 1698 765 1765 verbo
787 1699 848 1765 Dei
873 1701 1005 1788 scripto.
1019 1703 1108 1780 Quid
1125 1705 1213 1768 enim
1231 1703 1277 1768 obl

71 1797 119 1848 Μ
129 1797 223 1858 scripto
302 1805 393 1872 aliud
404 1807 438 1871 iu
456 1827 494 1870 oo
506 1812 625 1892 posset,
638 1804 702 1869 nisi
715 1805 977 1890 generalissimae
992 1806 1067 1871 illae
1084 1809 1277 1873 sententiae«

300 1911 441 1997 migenia
463 1931 564 1987 noxa,
590 1907 712 1994 quibus
735 1929 845 1974 omnes
868 1907 962 1995 plane
985 1910 1153 1990 homines,
1179 1911 1269 1978 nullo

299 2026 366 2103 pto,
389 2013 617 2102 comprehendi
642 2007 863 2082 viderentur?
886 2015 990 2101 Atqui
1014 2017 1277 2102 generalissimae

300 2121 334 2185 in
356 2118 472 2184 Bibliis
497 2117 675 2182 sententiae
691 2124 871 2183 occurrunt
893 2117 1016 2205 quibus
1039 2128 1098 2185 aut
1119 2122 1275 2187 omnesh

302 2227 337 2291 in
361 2232 492 2312 peccato
515 2223 605 2287 nasci
628 2230 686 2287 aut
720 2224 1004 2311 concupiscentiae
1035 2223 1188 2305 obnoxii,
1220 2236 1277 2293 aut

304 2328 399 2395 ribus
423 2327 535 2393 saltem
552 2327 647 2391 noxis
664 2326 827 2413 inquinati
851 2325 1013 2393 dicautur.
1030 2329 1119 2414 Ergo
1143 2328 1258 2417 (liccat

302 2433 379 2521 pius
402 2420 585 2519 inculcur'c)
616 2431 644 2495 si
669 2429 747 2496 haec
770 2430 811 2495 ad
839 2431 967 2497 litterae
994 2432 1136 2518 rigorem
1162 2435 1277 2520 exigor

303 2559 409 2625 aequo
424 2536 571 2625 prolecto
588 2538 662 2602 inre
681 2545 750 2600 tum
768 2538 805 2602 B.
818 2537 966 2622 Virginis
982 2547 1075 2603 ortus
1092 2539 1277 2605 sanctitate]

303 2644 377 2708 eius
400 2642 638 2707 immunitatem
674 2642 783 2708 sivea
818 2641 1069 2729 concupiscendi
1094 2639 1233 2723 fomite,
1259 2666 1277 2710 s

305 2747 492 2814 actualibus
516 2747 690 2835 quibusvis
712 2747 763 2812 vel
786 2745 960 2812 levissimis
984 2747 1091 2835 culpis
1119 2748 1277 2836 impetere

91 2881 125 2932 m
132 2896 164 2932 01
173 2884 252 2934 mbo
393 2853 456 2919 Sed
479 2850 575 2931 idem,
594 2851 669 2916 site
686 2849 727 2915 ad
743 2849 927 2916 traditionis
943 2858 1163 2932 monumenta,
1177 2874 1263 2937 quae

74 2953 121 3005 Μ
133 2956 226 3006 tradito
303 2958 377 3047 ptui
389 2954 597 3022 immaculato
613 2952 772 3040 refragari
789 2955 1144 3036 videntunconvertas,
1163 2960 1277 3022 omnin<

302 3069 441 3149 oportet.
455 3063 537 3127 Nam
551 3059 579 3124 si
596 3059 631 3124 in
645 3058 798 3124 Patribus
816 3065 848 3123 et
865 3059 1019 3124 Consiliis
1036 3059 1205 3147 generales
1222 3083 1276 3127 occ

242 3210 245 3214 <
303 3166 344 3232 de
360 3167 524 3254 primaeva
543 3164 577 3229 in
596 3184 706 3228 omnes
721 3163 867 3228 homines
883 3163 1028 3230 derivata
1044 3164 1116 3231 labe
1133 3169 1277 3233 enunciat

302 3269 465 3356 generalia
476 3270 601 3357 pariter
613 3267 652 3332 de
665 3267 706 3331 iis
720 3290 804 3354 quac
816 3268 918 3334 altero
930 3268 1000 3335 loco
1012 3270 1064 3336 hic
1077 3272 1277 3337 memorabar

303 3373 371 3442 lata
391 3372 679 3464 deprehenduntur
696 3369 751 3459 (l).
767 3366 877 3452 Quid?
894 3372 982 3461 quod
994 3375 1107 3442 Patres
1123 3377 1273 3443 nonnulli

347 3639 383 3710 (1)
401 3643 455 3693 lam
468 3657 544 3706 supra
555 3642 647 3694 biblica
660 3641 827 3707 produximus
874 3639 962 3691 cilium
972 3640 1148 3692 milevitanum
1154 3643 1180 3692 ll
1188 3643 1277 3694 celebr

307 3729 462 3797 testimonia,
480 3730 573 3794 quibus
591 3728 751 3794 generalibus
763 3728 824 3778 ella·
872 3723 925 3778 416
937 3729 961 3777 in
971 3741 1026 3777 cau.
1038 3719 1056 3777 2
1067 3730 1132 3779 haec
1154 3729 1233 3780 hahet
1245 3726 1277 3780 :l

305 3813 339 3863 tis
358 3826 411 3864 non
431 3815 510 3864 modo
537 3814 653 3864 homines
676 3809 780 3881 concepi
799 3814 824 3862 in
872 3809 937 3879 cuit,
947 3815 976 3864 ut
986 3810 1149 3881 quicumque
1159 3812 1277 3881 paruulo

306 3902 513 3965 peccato,rerum
523 3899 599 3948 etiam
610 3895 684 3948 nasci
694 3897 824 3961 dicuntum
872 3898 910 3947 ter
920 3891 1036 3947 abutere
1048 3894 1277 3964 matrumbuptizo

306 3995 376 4032 nunc
394 3986 505 4046 praestat
517 3982 543 4032 id
555 3984 636 4045 ipsum
653 3995 685 4032 ex
697 3982 824 4032 Concilio·
868 3984 928 4048 qut,
941 3984 988 4032 ant
1008 3977 1073 4032 dicit
1091 3978 1121 4031 in
1139 3980 1277 4033 remissior

306 4081 365 4117 rum
378 4081 408 4117 ac
418 4067 524 4118 Petrum
534 4067 776 4134 testimoniinprout
785 4081 825 4116 su·
872 4063 932 4118 dem
942 4070 1113 4133 peccatorum
1124 4078 1170 4117 eos
1191 4063 1277 4135 bapti:

307 4164 365 4202 mue
377 4150 633 4220 polliciti7conllcere.
646 4149 734 4215 Atque
744 4151 826 4199 utali·
872 4146 942 4200 nidd
958 4161 994 4199 cc
1011 4147 1100 4201 Adam
1125 4147 1238 4203 trudere
1260 4164 1276 4202 o

310 4234 371 4300 quid
380 4235 493 4301 prius‘de
502 4235 620 4289 conciliis
633 4237 757 4310 dicemus,
765 4234 830 4286 Con·
872 4231 1058 4304 percongrua
1067 4235 1277 4302 regenerationi
