2820 4890
487 82 664 152 ..67-

46 204 182 294 Ampe.
208 199 341 267 dicerint
359 196 446 266 Caro
467 198 603 285 liminis
624 224 664 268 ea
679 200 781 267 Alam
795 212 955 291 ouumpta
969 203 1122 271 maculas

37 313 114 379 Aue
131 330 199 379 non
222 309 352 376 aduenit
367 306 427 392 (l).
451 307 524 372 Alia
546 306 693 373 eiusdem
715 329 741 373 s.
765 310 927 389 Doctoris,
943 332 1028 399 quae
1049 311 1114 377 huc

33 416 249 495 adducuntur,
275 411 459 479 testimonia
474 412 573 478 missa
588 410 672 478 facio
689 408 744 501 121.
830 432 833 437 ·

111 517 322 586 achaeos.
349 516 522 582 Ans'elmus
555 517 791 584 cantuariensis
814 518 847 583 in
877 517 934 584 lib.
961 520 1005 586 lle
1035 518 1116 588 Con'·

32 635 118 713 eeptu
141 623 308 708 Virqinali
321 643 350 686 c.
367 618 411 686 18
427 620 581 686 affirmate
599 623 811 708 pronunciat:
827 623 962 690 Decclat
976 637 1013 690 ut
1026 626 1115 692 illiue

38 720 331 815 icaunalflhristi)
349 729 504 813 conceptio
519 725 555 791 de
570 737 670 791 matre
686 731 860 815 purissimo
886 731 982 816 fieret.
1000 727 1115 818 Nempe

42 833 136 899 mecm
152 842 245 910 erat,
271 841 312 896 ut
332 834 548 918 capacitate,
570 853 634 919 qua
657 837 759 897 maior
780 824 836 898 aul
860 832 924 898 Deo
939 839 1046 920 nequit
1067 838 1116 900 in-

38 940 146 1026 tellipi,
181 937 286 1022 Virpo
307 938 368 1002 illa
389 941 512 1014 niteret,
534 941 587 1001 cui
612 935 698 1002 Deus
722 935 820 1003 Pater
843 943 974 1004 'unicum
996 937 1116 1005 Filium

33 1064 115 1108 mum
134 1062 233 1129 quem
250 1041 291 1104 de
313 1040 404 1104 corde
426 1061 481 1103 ruo
498 1039 658 1127 aequalem
680 1038 740 1104 eibi
757 1044 896 1125 penitam
919 1053 1070 1128 tanquam
1085 1062 1115 1106 ee

36 1152 124 1235 psum
150 1144 313 1229 dclipebat
323 1189 336 1221 ,
357 1148 404 1208 ita
426 1142 502 1208 dore
531 1142 731 1230 disponebat,
755 1153 792 1208 ut
819 1146 1013 1210 naturaliter
1042 1154 1115 1211 emet

41 1272 111 1314 uem
118 1250 263 1336 idemque
278 1249 447 1311 communie
458 1245 519 1310 Del
531 1245 639 1311 Petris
655 1254 684 1310 et
708 1244 843 1332 Virpinn
861 1247 958 1336 filiae:
975 1259 1005 1314 et
1021 1268 1126 1338 quam·

50 1352 199 1440 peltes
213 1351 471 1418 substantialiter
480 1351 583 1435 faeere
593 1350 653 1415 eibi
664 1362 795 1416 matrem
806 1352 952 1437 elipelam
965 1365 994 1419 et
1005 1354 1041 1420 de
1052 1376 1117 1442 qua

10 1549 12 1553 Ι
49 1456 325 1544 Spmthanctue
336 1454 467 1533 uolebat,
480 1467 509 1519 et
520 1465 708 1542 operaturus
720 1466 802 1533 erat,
814 1466 851 1520 ut
862 1462 1077 1545 conciperetur
1089 1471 1126 1525 et'

10 1556 13 1589 ²
47 1569 211 1629 nutaretur
227 1559 327 1626 Illud
340 1559 375 1624 ele
392 1582 452 1646 qao
468 1564 530 1648 ipre
540 1560 728 1647 procedebat
743 1556 799 1648 (3).
818 1562 919 1626 Tanta
932 1570 1041 1628 eutem
1058 1584 1118 1650 pu·

10 1670 13 1691 '
49 1665 112 1732 aus
128 1666 199 1733 alia
229 1684 308 1730 esee
330 1663 457 1751 nequit,
474 1683 572 1751 quam
594 1684 632 1729 ea
654 1686 721 1752 qua
750 1664 853 1750 Virgo
875 1664 917 1729 ab
947 1666 1018 1752 ipse
1046 1667 1118 1733 labe

54 1770 174 1857 originali
182 1766 352 1836 immunis
363 1775 414 1833 ost
424 1775 560 1848 serrata,
570 1777 667 1856 prout
679 1770 757 1836 haec
769 1767 881 1835 eadem
891 1769 1035 1835 Anselmi
1047 1794 1118 1839 ver-

53 1872 84 1941 be
92 1874 274 1966 expendens
291 1872 457 1959 angelicus
472 1875 594 1940 Doctor
616 1874 679 1939 rite
698 1875 858 1941 conclusit
872 1874 1030 1940 scribens:
1052 1876 1120 1943 Pu-

50 1982 109 2044 n'tce
124 1977 314 2047 munietur
327 1997 389 2063 per
405 1997 555 2042 recemum
571 1982 781 2057 econtrario,
798 1989 828 2043 et
848 1979 915 2042 ideo
932 1989 1035 2066 potest
1058 1979 1121 2044 ali·

1173 539 1344 624 §.Anselmue

1174 620 1336 697 cantuarien·

1166 698 1201 738 m

48 2085 111 2168 mol
127 2092 284 2152 arentum
304 2085 528 2170 inveniri,'quo
544 2082 624 2149 nilil
638 2089 756 2171 purim
778 2105 837 2149 eece
855 2093 957 2171 potest
978 2087 1012 2148 in
1027 2082 1118 2148 relue
1208 2145 1212 2151 ,

49 2193 152 2267 eme,
172 2191 208 2254 oi
227 2185 327 2253 nulla
350 2191 531 2272 contagione
547 2193 672 2276 peccati
691 2192 891 2276 inquinatum
916 2192 969 2252 eit:
992 2197 1021 2252 et
1044 2187 1118 2252 talia

49 2289 240 2380 impuritas
257 2291 301 2355 B.
325 2289 472 2376 Virplm'e,
494 2313 574 2380 puae
590 2315 610 2357 a
620 2289 748 2378 peccalo
769 2292 921 2378 cripinali
942 2303 971 2358 et
998 2291 1122 2356 actuali

49 2397 172 2464 ienuam
191 2398 275 2484 suit.
299 2395 377 2462 Fuit
398 2408 502 2463 tamen
523 2398 578 2463 eal
595 2398 672 2475 Deo,
696 2401 730 2464 in
752 2409 906 2485 quantum
928 2410 997 2464 erat
1019 2403 1053 2462 in
1080 2420 1117 2463 ea

52 2506 166 2581 potentio
196 2499 248 2568 ad
277 2500 471 2586 peccandum
501 2494 561 2584 (l).
596 2502 664 2568 Nec
699 2500 792 2567 obest
829 2501 916 2588 quod
946 2502 1117 2567 Ansclmus

59 2598 160 2667 ibidem
177 2602 294 2671 addat:
320 2606 459 2691 qualiter
479 2617 583 2671 autem
615 2605 708 2692 Virpo
732 2607 836 2673 eadem
853 2629 914 2695 per
935 2607 1024 2695 fidem
1047 2617 1119 2671 ante

54 2713 136 2795 psam
160 2717 398 2801 conceptionem
430 2715 584 2781 mundata
608 2719 672 2792 eit,
695 2715 787 2793 dici,
809 2737 923 2803 nempe
947 2717 981 2782 in
1003 2714 1060 2780 lib.
1085 2713 1117 2779 2.

52 2810 108 2879 Cur
132 2816 224 2883 Deua
259 2815 349 2880 laneo
373 2834 464 2903 capp.
489 2815 532 2884 16
555 2825 587 2883 et
610 2815 675 2903 173
706 2816 829 2905 quibus
856 2818 965 2885 verbis
998 2816 1121 2883 indicat

74 3033 105 3100 111
123 3039 191 3106 opp.
206 3039 311 3090 aPetri
323 3039 396 3090 flam.
405 3030 465 3092 edit.
478 3039 554 3093 Rom.
606 3047 655 3094 nat
667 3037 751 3108 ipelur
763 3040 843 3110 oirpa
860 3038 933 3095 Iesse
951 3041 985 3096 de
996 3033 1118 3095 lacteam

48 3118 113 3176 1606.
122 3119 379 3190 ιοω.11.ρις.115.
605 3123 698 3178 radice
706 3125 815 3193 ceneris
831 3125 945 3181 temoni
953 3145 961 3194 3
980 3132 1006 3181 et
1024 3125 1057 3179 de
1063 3139 1118 3196 pa-

69 3202 153 3274 OEssx.
161 3227 204 3277 ge.
214 3210 241 3261 in
251 3206 551 3264 eiussermdlclnnun·
602 3207 785 3263 triarclarum
796 3210 891 3264 arbore
904 3209 1116 3266 multitudinem
1199 3239 1202 3244 -

45 3290 547 3365 liat-Beatuml’ircllariaeibidpcg.
601 3297 627 3346 et
645 3294 830 3349 rectitudinem
848 3310 996 3365 erumpens,
1013 3293 1124 3347 omnem,

44 3367 121 3432 tuor
129 3383 169 3433 etc
180 3381 285 3433 scribit:
299 3376 366 3435 Cum
372 3364 468 3450 fecerit
474 3374 547 3433 Deus
599 3375 708 3446 innonat
717 3378 903 3447 nodositatem,
913 3378 1032 3448 fitiorum
1042 3382 1115 3431 tene-

44 3462 118 3516 Μία
133 3477 224 3534 opera
242 3474 296 3515 rua
305 3460 384 3516 colle
402 3460 480 3530 lona,
498 3459 548 3515 noe
600 3460 663 3515 lrac
686 3462 786 3532 nescit,
803 3460 970 3533 infructuosa
991 3474 1116 3531 quaeque

43 3547 121 3604 neus
133 3549 215 3618 feeit,
232 3561 393 3603 conservam
408 3545 462 3601 silei
476 3547 505 3602 in
514 3562 549 3601 ea
600 3561 654 3602 nou
672 3543 760 3602 labet.

46 3631 127 3704 11161)
143 3632 358 3689 reamacarun
379 3646 501 3701 ameum,
518 3632 547 3687 iu
635 3627 669 3700 (ὅ)
678 3634 748 3685 Edit.
756 3634 842 3685 Maur.
852 3648 906 3698 pag.
919 3626 980 3685 105.

51 3728 92 3783 tm
103 3719 161 3775 talu
173 3724 277 3790 eepoa
288 3715 418 3773 tumulltu
436 3715 550 3785 Anpclo-
637 3713 674 3784 (41
686 3713 751 3768 lul.
763 3719 820 3768 Lib.
833 3721 941 3770 sentent·
956 3718 1014 3766 diet.
1026 3709 1074 3767 44.
1085 3730 1112 3780 q.

51 3814 99 3856 ruu
110 3812 133 3861 et
142 3805 290 3861 hommum
302 3801 457 3872 reclinaret,
468 3808 493 3855 et
504 3816 548 3855 re·
599 3797 628 3853 1.
646 3817 681 3853 m.
695 3797 721 3855 3.
734 3803 780 3854 lot.
793 3798 854 3856 137.
866 3805 917 3855 col.
926 3796 953 3852 1.
966 3803 1026 3853 edit.
1040 3803 1115 3854 Rom.

47 3887 115 3952 turem
129 3891 281 3947 reveniret.
300 3889 334 3959 lit
351 3889 428 3953 paulo
440 3895 496 3954 post
507 3890 548 3939 lo-
601 3883 678 3943 1570.
692 3893 755 3940 tom.
770 3889 815 3942 Vl.

48 3983 109 4034 ruem
118 3981 150 4033 le
169 3983 201 4032 B.
216 3977 328 4043 Virgine
338 3973 434 4025 subdit:
447 3970 554 4027 Germi-
