2828 4904
96 755 174 807 ulca
198 757 407 806 Tusnlmoult
431 756 520 819 QUAE
544 756 585 804 ΑΒ
610 756 827 805 luiniacum!
852 758 1048 808 uouemus

321 863 485 910 Plruouts
502 861 630 910 annuc!
648 862 778 908 somus

96 1051 256 1119 Hactenus
270 1073 353 1140 quae
370 1052 648 1140 oppugnatoribus
665 1051 888 1118 immaculatae
902 1049 1089 1138 conceptio·
1141 1075 1213 1136 Quae
1233 1073 1319 1126 tavent

96 1161 183 1221 tatae
198 1153 344 1240 Virginis
361 1177 478 1242 urgere
495 1163 606 1221 contra
623 1155 709 1242 piam
726 1155 915 1220 sententiam
931 1176 999 1221 mos
1011 1153 1077 1219 fuit

96 1278 140 1324 'er
157 1257 381 1344 exposuimus3
394 1259 458 1324 iam
473 1281 556 1346 quae
569 1259 673 1324 eidem
688 1256 797 1325 favere
813 1258 976 1338 videntur,
989 1265 1088 1346 prout

96 1360 149 1427 lus
175 1360 360 1428 fautoribus
376 1361 485 1427 afferri
503 1361 615 1440 solent,
633 1361 706 1448 pari
721 1360 782 1425 fide
800 1361 834 1426 in
850 1361 993 1427 medium
1016 1382 1088 1448 pro

96 1487 161 1531 nus
186 1473 324 1554 oportet,
343 1474 379 1531 ut
395 1466 544 1552 deinceps
559 1465 709 1531 omnibus
734 1487 837 1553 aequa
855 1465 944 1531 lance
972 1485 1089 1552 expen-

96 1569 162 1658 ¹uid
186 1570 222 1634 in
237 1569 297 1635 hac
314 1570 530 1636 controversia
554 1570 597 1635 sit
617 1591 694 1636 vero
717 1569 911 1635 censendum
941 1569 1091 1648 similius,

96 1703 98 1733 ι
122 1673 322 1760 aperiamus.

96 1783 201 1865 itque
218 1786 255 1843 ut
270 1778 401 1843 asacris
416 1776 583 1843 ordiamur
598 1776 726 1855 Bibliis‚
740 1778 834 1865 plura
852 1785 939 1856 aunt,
956 1800 1040 1866 quae
1057 1779 1090 1844 in

96 1881 137 1948 rei
167 1881 332 1968 privilegii
360 1881 664 1946 commendationem
693 1881 733 1946 ab
752 1883 832 1969 ipsis
857 1890 1089 1970 congeruntur.

96 1985 223 2073 ,ipuum
250 1993 355 2050 tamen
380 2006 416 2049 ac
432 2005 507 2051 vere
534 1983 679 2062 unicum,
697 1984 785 2071 quod
808 1986 842 2050 in
859 2007 928 2050 rem
949 1993 1092 2053 nostram

96 2095 169 2154 :rtur
193 2089 424 2168 testimonium,
448 2086 530 2153 illud
548 2086 682 2165 dixeris,
698 2087 786 2175 quod
813 2089 950 2176 legimus
974 2091 1089 2156 Genes.

96 2187 194 2260 Lt-15.
219 2191 262 2256 Et
282 2196 328 2256 uit
343 2192 494 2257 Dominus
511 2191 595 2256 Deus
611 2192 655 2255 cd
668 2204 882 2277 serpentem...
906 2191 1091 2257 Inimicitias

96 2300 216 2361 uincor
238 2307 266 2361 tc
290 2306 319 2360 ct
333 2298 504 2373 mulierem,
521 2306 549 2360 ct
571 2317 670 2360 semen
697 2305 785 2360 tuum
813 2307 841 2361 ct
859 2317 958 2363 semen
980 2296 1087 2373 iliius;

96 2410 226 2465 conteret
253 2411 348 2487 ceput
376 2411 477 2478 tuum,
498 2410 527 2464 et
554 2410 589 2464 tu
615 2398 808 2464 insidiaberis
836 2400 981 2464 calcanco
1010 2404 1085 2464 cius.

129 2502 301 2568 oraculum
335 2502 433 2589 vulgo
472 2498 734 2597 πρωτευαγγέλιον
769 2501 885 2568 merito
924 2523 1090 2589 nuncupa·

99 2605 265 2695 siqnidem
301 2607 567 2694 pollicitationem
598 2607 729 2673 exhibet
757 2604 863 2673 futuri
897 2606 1090 2694 Redempto

95 2711 176 2780 nius
199 2711 321 2776 virtute
345 2719 514 2798 peccatum
531 2733 549 2775 a
566 2710 719 2777 daemone
743 2712 804 2777 sub
822 2711 981 2799 serpentis
999 2711 1088 2779 larva

96 2837 117 2881 e
141 2816 178 2880 in
205 2815 362 2881 mundum
396 2815 568 2881 inductum
595 2838 613 2882 e
641 2815 745 2882 medio
784 2823 854 2881 erat
889 2810 1087 2895 tollendum,

97 3030 187 3074 oratus
211 3025 278 3075 illius
305 3030 406 3076 sanctae
431 3026 513 3076 eccle·
569 3023 685 3080 Pontifici
698 3025 722 3074 in
736 3026 837 3074 nomine
851 3026 926 3075 tritius
947 3026 1088 3089 capituliet

568 3111 712 3173 provinciae
725 3111 860 3172 Hispaniae
873 3124 947 3174 cquae
955 3112 981 3160 in
990 3111 1082 3160 litteris

106 3192 224 3243 assistant
236 3192 332 3243 inritati
355 3194 434 3243 nostri
453 3194 515 3244 reli·
568 3197 595 3243 et
603 3193 756 3244 auctoritate
766 3195 876 3256 primum
890 3195 990 3245 obtinet
1001 3196 1088 3244 locum

96 3284 119 3327 et
135 3278 331 3328 communitates
349 3278 515 3328 coirciooibus
568 3279 656 3328 intota
670 3277 811 3343 Religione)
821 3281 937 3342 rogando
947 3294 1007 3329 curn
1019 3281 1088 3330 omni

96 3362 192 3412 ebulus
210 3362 324 3424 mysterii
334 3367 359 3412 et
371 3362 512 3425 processio·
564 3363 741 3428 submissione,
750 3367 776 3413 et
785 3363 906 3428 efficacia,
920 3368 949 3412 ut
961 3364 1084 3426 dignetur

96 3451 118 3497 et
129 3448 185 3496 aliis
203 3447 344 3496 notionibus
356 3448 472 3510 publicis,
485 3451 511 3498 et
565 3443 1004 3515 definireltccpunctumffiuidnem
1013 3462 1092 3512 agen·

96 3533 160 3582 tibus
186 3532 361 3582 occasionibus
384 3531 512 3598 landetur,
565 3533 627 3582 dum
638 3532 711 3582 nobis
728 3533 770 3599 sit,
782 3537 812 3583 ut
825 3535 894 3585 omni
906 3548 938 3584 ex
949 3538 1023 3597 parta
1036 3547 1092 3584 ces-

96 3620 167 3683 etur,
178 3620 205 3682 et
216 3619 376 3666 sustentetur
388 3616 515 3678 praedicta
569 3619 625 3666 sent
647 3616 817 3683 turbationes,
829 3631 897 3681 quae
919 3619 1041 3669 oriuntur
1059 3631 1091 3667 ex

96 3717 128 3751 t.»
566 3699 673 3752 dirersis
689 3702 876 3764 opinionibus·
896 3701 973 3766 Apud
991 3704 1083 3753 loann.

102 3788 207 3848 praeter
224 3783 285 3834 alias
303 3784 512 3851 instandumque,
566 3785 668 3836 Ludor.
687 3785 869 3837 Scbdnlenben
887 3799 929 3849 op.
942 3787 987 3836 cit.
1010 3781 1091 3836 Orbis

96 3869 204 3921 crinein
225 3869 322 3932 saepius
335 3867 513 3936 lecitltomac,
566 3866 688 3921 uniuersi
707 3873 830 3922 actorum
853 3881 907 3936 pro
934 3864 1089 3935 defiuitione

103 3967 165 4004 cnm
176 3956 266 4003 nostro
284 3953 512 4019 denuntiasset·
563 3952 625 4021 piac
635 3951 906 4006 atccrucsentcutiac
916 3949 949 4003 dc
961 3949 1092 4003 immacu-

109 4033 292 4106 detiuitioaem
318 4033 399 4089 buius
421 4037 517 4106 puncti
567 4034 625 4090 icto
637 4034 819 4106 Conccptionc.
836 4036 995 4102 Clapenlurti
1009 4031 1092 4104 1659,

97 4129 142 4175 tur
160 4123 262 4174 litterae
279 4132 311 4174 ex
329 4134 398 4174 nunc
416 4136 515 4174 sommo
569 4117 716 4190 paponq.

1149 1144 1314 1207 Coraceptiont

1078 1202 1088 1233 ⁹
1142 1215 1320 1268 immaculatae

1158 1824 1178 1874 E
1191 1826 1268 1875 sacris
1278 1825 1323 1874 lit·-

1145 1897 1216 1947 teris.
