2828 4904
60 446 153 510 atrior
175 450 247 523 est,
272 450 306 509 et
332 442 467 530 liturgia
496 444 691 530 antiquitate
714 443 940 530 praestantior.
970 443 1036 507 lam
1067 463 1143 507 vero

56 559 127 639 post
150 548 325 635 liturgiam
340 569 513 627 romanam,
535 570 618 635 quae
638 569 664 614 s.
682 548 771 613 Petri
798 548 924 612 nomine
941 547 1143 624 inscribitur,

52 655 174 720 eminet
197 653 338 738 liturgia
360 652 468 718 locali
489 661 675 739 nuncupata
697 653 842 717 omnium
864 650 1073 717 orientalium
1090 672 1144 714 an-

52 758 241 846 tiquissima
259 754 315 844 (l).
339 759 391 822 Ex
417 757 477 822 hac
505 757 639 843 proinde
670 757 728 844 qui
760 756 848 843 piam
864 755 1055 820 sententiam
1071 776 1145 840 pro·

54 867 214 947 pugnant,
231 866 423 944 argumenta
439 859 583 945 capiunt.
612 857 882 945 Quandoquidem
895 857 932 921 B.
947 857 1047 941 Virgo
1056 856 1092 921 in
1107 878 1145 921 ea

60 964 168 1029 titulis
187 967 411 1029 immaculatae
441 976 533 1051 atquc
563 969 764 1029 intentarentur
787 962 1032 1031 condecoratur.
1060 946 1148 1026 Cont-

63 1083 261 1136 naentorantaa
271 1074 507 1148 sanctissimam,
520 1072 767 1147 immacalatam,
776 1071 1027 1154 gloriosissimam
1044 1067 1149 1131 Dotto’-

61 1197 132 1240 narn
151 1185 297 1240 nostrane
319 1186 450 1241 matrem
473 1174 532 1239 Dei
553 1187 581 1239 et
602 1196 721 1261 semper
742 1178 893 1259 virginem
916 1172 1056 1239 ildariam
1081 1167 1147 1258 (iit

58 1279 388 1346 commemorationem
410 1303 542 1365 agamus
563 1285 788 1356 acroatissimce,
809 1279 1054 1354 tinmacnlctce,
1081 1278 1148 1362 pto·

55 1391 246 1452 noanneane
252 1432 264 1463 ,
292 1385 464 1451 temtator
486 1383 637 1450 Dominae
660 1396 786 1450 nostrae
808 1385 923 1450 Matris
946 1382 1007 1447 Dei
1026 1395 1055 1448 et
1077 1403 1152 1448 serra·

57 1511 110 1576 pn·
131 1493 272 1574 at'rqinis
294 1488 419 1553 Mariae
435 1485 489 1576 (3);
514 1487 590 1552 item
609 1493 822 1574 praecipuae,
843 1491 1074 1562 sanctissimae,
1096 1489 1152 1550 irn-

62 1591 239 1656 taccnlatae
252 1585 307 1676 (dl.
326 1590 362 1653 ln
380 1589 447 1654 ritu
464 1589 589 1677 pariter
605 1588 821 1678 ordinationis,
842 1586 1076 1673 chorepiscopi,
1093 1584 1151 1673 qui

61 1694 146 1781 apud·
166 1693 272 1782 Syros
295 1693 470 1759 maronitas
485 1691 620 1770 obtinet,
636 1714 799 1779 quemque
823 1712 862 1756 ex
888 1699 1016 1756 vetusto
1040 1688 1150 1755 codice

58 1801 206 1888 nulgavit
228 1800 392 1878 Marinus,
409 1798 540 1885 legitur:
563 1798 673 1863 Ortinae
691 1820 943 1886 praeaeternae
965 1808 1107 1864 sanctam
1123 1806 1152 1861 et

61 1904 229 1969 laudatam
254 1915 283 1967 at
303 1903 541 1967 immacalatam
563 1900 731 1965 Dominam
752 1912 906 1977 nostram,
932 1898 1055 1965 deatum
1069 1903 1155 1964 amni

67 2019 195 2095 ternpore
209 2005 352 2072 Mariam
361 2010 540 2091 genitricem
552 2005 612 2068 Dei
622 2016 892 2069 commemorantes
910 1999 963 2090 (51,
984 2003 1037 2069 Sic
1055 2003 1153 2068 etiam

70 2111 104 2178 in
125 2110 260 2197 liturgia
282 2132 308 2175 s.
326 2109 440 2174 Basilii
463 2107 672 2174 alexandrina
707 2108 843 2193 legitur:
874 2107 1049 2194 Praecipue
1080 2129 1153 2173 aare

62 2221 300 2291 concinnatae,
326 2214 586 2298 gloriosissimae,
624 2212 846 2287 imntacnlatae
856 2259 869 2290 ,
898 2208 1155 2289 deraedietionidns

62 2320 267 2394 cumulatae,
293 2315 446 2383 Dominae
475 2326 600 2381 nostrae
626 2313 785 2401 Desperae
809 2325 845 2378 et
870 2335 989 2400 semper
1023 2317 1154 2397 virgirn'a

64 2425 191 2491 Mariae
216 2416 277 2508 (6);
300 2440 359 2484 nec
382 2439 447 2483 non
463 2417 497 2483 in
528 2417 662 2503 liturgia
688 2441 713 2482 s.
738 2416 863 2484 Marci:
888 2417 1061 2503 Inprimis
1082 2437 1156 2481 ran-

67 2533 230 2605 atissimce,
242 2528 444 2591 intemeratae
461 2534 517 2588 etc.
536 2519 590 2610 (7).
615 2530 713 2611 atque
728 2521 774 2586 ita
790 2520 911 2608 passim
926 2518 1029 2584 multa
1046 2516 1158 2606 legun-

67 2622 129 2710 tur,
154 2649 245 2718 qnae
267 2622 481 2711 omnimodam
504 2626 541 2690 B.
565 2625 715 2713 Virginis
738 2646 757 2690 a
780 2625 896 2714 quavis
919 2620 991 2689 labe
1007 2622 1158 2701 immuni-

70 2745 163 2800 tatem
186 2730 363 2820 perspieue
387 2729 617 2797 commendant.
992 2751 994 2755 ·
1094 2712 1097 2719 ’

105 2875 109 2883 ·
150 2851 228 2915 lluc
252 2844 377 2911 accedit
392 2844 480 2932 quod
497 2843 618 2911 festum
642 2843 870 2931 Conceptionis
895 2846 932 2909 B.
952 2843 1098 2930 Virginis
1114 2841 1155 2908 ab
1248 2880 1380 2930 puppup,

76 2945 169 3020 aetam
187 2948 525 3035 remotissimapcnes
542 2948 683 3016 Graecos
704 2957 737 3013 et
760 2947 944 3014 Orientales
961 2944 1153 3011 obtinuerit.
1211 2951 1271 3002 teau
1292 2952 1386 3001 tusae.

76 3055 107 3119 ln
122 3051 254 3120 saeculo
265 3051 352 3117 enim
367 3049 532 3116 Ecclesiae
554 3050 669 3140 quinta
681 3050 746 3137 iam
761 3049 900 3137 ¹vestigia
919 3052 1099 3115 occurrunt
1112 3046 1161 3113 in·
1213 3021 1245 3074 v·

79 3158 180 3223 stituti
203 3155 304 3222 huius
327 3151 415 3220 festi:
438 3153 601 3244 siquidem
624 3155 658 3222 in
690 3155 805 3242 Tppica
836 3175 862 3219 s.
887 3151 1002 3230 Sabae,
1024 3149 1083 3240 qui
1097 3148 1160 3216 cla-

10 3326 12 3331 ’
84 3374 87 3413 3
110 3335 145 3408 (1)
160 3338 260 3391 Dahae
270 3337 374 3402 liturgia
385 3334 419 3387 el.
433 3338 503 3390 card.
516 3339 587 3389 Bona
674 3332 708 3403 (3,
726 3338 792 3391 lbid.
811 3351 868 3401 pag.
888 3330 914 3389 4.
933 3337 982 3387 eol.
1002 3328 1029 3387 1.

10 3444 12 3448 ·
84 3420 120 3475 De
136 3422 225 3478 Rebus
242 3420 376 3489 liturgicis
393 3422 439 3473 lib.
455 3424 479 3489 1,
490 3423 549 3487 Cap.
562 3419 589 3474 8.
677 3419 711 3488 (4)
729 3424 793 3472 lbid.
804 3438 860 3486 pag.
869 3419 896 3489 6,
905 3423 953 3472 cot.
966 3413 992 3472 2.
1002 3421 1098 3473 Eadem
1111 3436 1156 3473 ec·

82 3503 105 3575 §-
120 3505 144 3562 3.
162 3523 223 3560 cum
239 3508 364 3560 adnotant.
391 3508 498 3561 Roberti
516 3509 583 3558 Sata.
637 3503 1156 3560 curruntindictinii-Patrnnfflrceeo·

10 3612 22 3654 r
79 3594 141 3646 mse.
158 3595 266 3646 Taurin.
284 3587 364 3646 1747.
373 3589 447 3643 Tem.
456 3594 479 3659 1,
491 3608 516 3656 p.
525 3584 587 3646 128.
641 3590 741 3644 Latina
753 3593 835 3644 Paris.
846 3584 925 3645 1624.
937 3593 1009 3642 Tem.
1019 3591 1055 3660 ll,
1064 3607 1119 3658 pag.
1130 3588 1157 3660 5,

79 3693 153 3747 seqq,
169 3693 272 3731 manen
289 3678 384 3728 Enseb.
402 3678 590 3728 Renaudotium
642 3673 670 3743 6,
689 3673 733 3743 ld,
750 3668 794 3725 22.

78 3762 228 3834 inrapiat.
261 3759 441 3816 Orientalium
464 3757 591 3814 Caliectia
679 3756 716 3829 (5)
738 3758 776 3813 Da
787 3757 880 3813 Sacris
893 3757 1020 3814 Ordinnt.
1030 3775 1087 3824 pag.
1097 3756 1159 3814 313.

80 3852 158 3900 Paris.
174 3844 256 3901 1716.
275 3841 594 3898 nominationum
647 3846 734 3896 collat·
751 3859 776 3908 p.
794 3839 856 3896 3t6.
886 3892 889 3898 ,
1020 3890 1023 3895 .

80 3930 201 4001 Syriacis
210 3928 402 3989 Martanum
413 3933 438 3981 et
448 3924 593 3982 locabam.
639 3975 643 3981 .
682 3925 717 3997 (6)
736 3927 812 3994 apud
823 3929 968 3981 accendet.
981 3929 1028 3993 Op.
1039 3929 1083 3978 ott.
1097 3934 1158 3979 tam.

78 4007 396 4083 terraneapttsaqq.
641 4009 677 4080 1,
696 4004 808 4076 ner-72·
963 4070 968 4079 .

107 4096 145 4169 (2,
164 4105 195 4152 ln
205 4095 334 4171 Bittiotd.
346 4096 471 4166 Monimo
480 4094 595 4151 Petram
684 4091 719 4167 (7)
736 4099 801 4150 lbtd·
820 4111 876 4162 pag.
895 4090 955 4148 150.

72 4185 206 4255 andnn.
215 4185 288 4237 Tomi
299 4170 463 4253 1'1,par.t,p.
473 4176 557 4250 sno.
569 4176 595 4233 1.
