2828 4904
576 345 763 413 -eei-

96 492 202 537 mmo
213 469 338 558 potius
352 474 386 534 et
398 468 489 534 zelus
500 473 533 533 ct
545 467 649 553 pietas
662 469 807 554 ipsorum
827 467 1075 536 commendanda
1089 469 1204 552 ierant,

96 586 126 644 tt
139 575 318 642 omnibus
330 574 436 663 palam
448 572 551 652 lieret,
563 593 630 651 eos,
641 573 700 660 qui
712 574 895 639 contrariae
918 576 1094 642 sententiae
1119 587 1206 644 aute·

96 682 182 748 actis
192 679 327 747 seculis
336 677 623 766 suntadstipulati‚
633 677 666 742 id
674 677 940 744 veritatieamore
948 679 1106 766 impulsos
1113 703 1205 767 prae·

96 787 246 853 stitisse.
267 785 317 850 llo
331 782 509 869 calmargis,
526 780 614 868 quod
630 781 672 845 iis
689 780 840 847 destituti
869 779 994 848 inerint
1012 784 1201 871 praesidiis,

96 913 185 980 quae
206 897 330 979 postea
352 894 572 965 accesserunt,
602 907 754 973 quaeque
776 909 863 952 nuuc
891 888 1038 974 ipsorum
1066 892 1202 969 animas,

96 996 133 1063 vi
157 994 412 1085 principiorum
449 1012 535 1082 quae
556 991 597 1056 ab
629 993 709 1079 ipsis
738 994 916 1059 constituta
944 1005 1035 1073 sunt,
1059 997 1093 1062 in
1117 998 1204 1084 piam

103 1101 309 1168 sententiam
335 1106 426 1165 certo
442 1084 657 1164 inclinarent.
677 1097 751 1176 Quo
777 1120 853 1165 sane
880 1108 974 1191 pacto
993 1101 1097 1167 omnis
1120 1122 1205 1168 amo-

101 1212 248 1273 veretur
271 1201 394 1270 invidia
409 1199 451 1267 ab
470 1197 619 1289 opposita
636 1202 807 1280 sententia,
824 1203 866 1268 ob
882 1202 979 1270 cuius
996 1204 1204 1273 reiectionem

96 1305 264 1376 nonnulli
287 1303 384 1371 facile
411 1309 542 1392 possent
569 1303 698 1370 offendi.

196 1409 450 1477 {hereticorum
466 1415 576 1473 autem
592 1409 736 1475 convicia
758 1408 848 1475 nulla
869 1419 945 1476 sunt
963 1413 1088 1478 ratione
1103 1413 1204 1501 perti-

96 1512 297 1595 mescenda,
323 1521 392 1580 tum
407 1512 486 1601 quia
509 1511 641 1579 illorum
652 1534 767 1600 magna
782 1534 857 1602 pars
874 1515 908 1579 in
924 1519 1146 1598 ratioaols'smi,
1165 1526 1203 1584 ut

105 1622 153 1688 iu
163 1619 292 1699 dicam,
305 1617 496 1688 barathrum
507 1616 657 1704 prolapsa
672 1625 734 1698 est,
747 1639 852 1704 neque
866 1618 905 1686 de
921 1621 1008 1686 bisce
1027 1621 1126 1689 ullam
1142 1624 1204 1689 sol-

104 1723 323 1793 licitudinem
350 1721 445 1808 gerit,
466 1720 531 1786 imo
546 1720 631 1786 elato
653 1742 692 1787 aa
715 1720 891 1809 supercilio
917 1727 1103 1808 coutemnit3
1134 1735 1203 1795 tum

98 1829 190 1919 qnia
213 1834 332 1892 notum
355 1834 415 1904 est,
432 1833 536 1890 sectas
553 1844 662 1890 omnes
679 1825 713 1889 in
731 1826 822 1912 pium
837 1847 913 1913 erga
939 1830 1071 1895 Beatam
1096 1831 1204 1921 Virgi-

96 1954 182 2003 nem
214 1931 347 1998 cultum
370 1928 581 2014 studiumque
599 1927 674 1993 odio
691 1926 786 2010 ier-ri,
804 1931 851 1996 ita
870 1939 908 1995 ut
934 1931 1095 2000 eiusmodi
1115 1956 1205 2003 aver·

96 2039 153 2107 nic
165 2058 209 2104 ac
222 2033 320 2133 furor
337 2036 379 2101 sit
391 2032 493 2102 veluti
505 2035 636 2120 propria
650 2037 782 2102 illarum
796 2042 932 2120 tessera3
950 2058 988 2103 ac
1000 2039 1135 2127 proinde
1151 2063 1204 2108 ne·

96 2156 171 2233 qne
185 2141 314 2209 mirum
326 2164 430 2229 neque
443 2144 536 2234 plane
551 2142 733 2214 curandum
753 2141 781 2206 si
799 2139 857 2205 tali
872 2151 1139 2228 permoverentur
1151 2145 1203 2212 de·

97 2254 212 2330 ‘0103
233 2252 303 2311 tum
328 2244 457 2313 demum
472 2250 551 2336 quia
573 2248 667 2317 nihili
690 2243 830 2311 faciendi
854 2251 931 2308 sunt
953 2264 1070 2310 canum
1087 2239 1204 2336 strepi·

1255 1506 1313 1558 Nou
1326 1509 1385 1554 sunt
1400 1510 1410 1556 t

1267 1576 1357 1626 menda
1370 1577 1411 1626 ba

1271 1646 1409 1697 reticorus·

1291 1716 1407 1769 convicia

99 2363 160 2423 tu
175 2350 332 2421 att-aedis
350 2351 436 2420 iores
459 2355 711 2433 collabentium,
728 2353 757 2418 si
777 2350 934 2438 perbreve
952 2350 1036 2418 illud
1058 2353 1203 2441 excipias
1318 2393 1321 2401 ·
1399 2326 1401 2333 Ι

104 2458 306 2539 laudium,
329 2458 417 2548 quod
440 2483 482 2526 ex
507 2459 668 2528 eiusmodi
696 2457 893 2547 temporario
917 2457 1039 2527 latratu
1062 2457 1202 2528 auribus

113 2562 304 2653 praesertim
321 2563 480 2630 teretibus
496 2566 602 2634 creari
622 2565 714 2632 solet.

183 2664 355 2737 ‘'Ceterum
372 2675 476 2733 totum
502 2670 669 2758 negotium
695 2668 736 2734 ad
763 2666 894 2757 modum
921 2667 1019 2735 etiam
1045 2669 1134 2759 quod
1156 2677 1204 2736 at·
1301 2744 1307 2756 ,

109 2766 191 2842 tinet
219 2772 305 2840 illud
331 2771 526 2855 deliniendi,
562 2775 755 2863 prudentiae
790 2775 1034 2865 sapientiaeque
1057 2775 1202 2866 supremi
1317 2816 1323 2828 ·
1404 2839 1414 2859 Η

107 2876 277 2945 Ecclesiae
291 2875 507 2943 Moderatoris
525 2887 574 2946 est
589 2879 852 2968 permittendum.
868 2878 944 2945 ldeo
956 2901 1033 2948 vero
1048 2901 1105 2946 nos
1121 2878 1203 2952 mul·
1308 2957 1314 2969 ,
1369 2886 1375 2898 ’
1404 2924 1408 2932 1

109 2982 256 3072 tiplicem
284 2981 426 3049 edendae
443 2984 514 3051 eius
531 3005 596 3072 qua
620 2983 660 3050 de
676 2984 802 3069 agimus
824 2983 1022 3052 delinitionis
1045 2984 1203 3052 rationem

111 3089 374 3170 insinuavimus,
403 3097 441 3156 ut
468 3089 705 3177 aspellerentur
733 3088 957 3168 difficultates,
984 3111 1071 3178 quae
1093 3090 1202 3158 enasci

111 3194 344 3284 possent‚‘dum
356 3193 397 3260 ad
409 3215 478 3259 eam
496 3202 627 3260 ventum
640 3193 751 3260 luerit.
766 3193 862 3259 Absit
878 3216 895 3261 a
912 3193 1005 3260 nobis
1022 3202 1131 3260 tumor
1145 3202 1204 3277 aut

111 3301 210 3369 stulta
226 3302 412 3387 arrogantia
428 3299 564 3366 docendi
580 3300 727 3366 doctores
744 3308 882 3378 nostres,
903 3299 962 3390 qui
986 3301 1130 3367 omnium
1146 3322 1204 3368 nos

112 3403 291 3493 discipulos
303 3404 530 3470 lubentissime
541 3405 648 3471 auimo
661 3403 860 3490 profitemur.
872 3403 934 3469 Sed
946 3403 1136 3490 negligenda
1149 3402 1205 3470 ob-

113 3507 238 3576 stacula
254 3508 385 3595 penitus
402 3530 465 3575 nou
480 3516 583 3588 eraut,
600 3528 685 3595 quac
702 3508 765 3574 iter
784 3507 1009 3587 obstruerent,
1029 3529 1204 3595 omnesque

112 3620 204 3679 erant
222 3610 350 3678 viarum
374 3612 576 3698 asperitates,
601 3609 708 3699 quoad
728 3611 801 3678 eius
821 3610 891 3679 fieri
908 3618 1046 3697 poterat,
1066 3610 1205 3699 compla-

110 3715 247 3785 rudae.
277 3717 444 3806 Siquidem
471 3717 678 3787 dissimulare
700 3739 764 3783 uon
786 3737 960 3807 possumus
984 3715 1214 3782 nervosiorem·

111 3818 347 3900 difficultatem,
360 3843 445 3909 quae
462 3842 532 3888 sese
549 3822 729 3910 dogmatico
748 3820 874 3888 iudicio
886 3821 920 3888 in
933 3841 969 3885 re
989 3826 1100 3884 nostra
1111 3817 1205 3884 eden-

110 3924 149 3993 lc
174 3924 330 4012 opponit,
350 3925 481 3992 minime
496 3925 579 3994 illi-e
597 3935 714 3992 natura
731 3926 799 4004 rei,
818 3934 876 3992 aut
892 3947 933 3991 ex
950 3943 1083 4000 causae,
1100 3930 1137 3987 ut
1158 3922 1204 3989 ita
1244 3932 1247 3937 '

107 4027 246 4120 loquar,
270 4029 471 4110 visceribus,
488 4030 544 4096 sed
565 4029 606 4097 ab
630 4032 773 4098 externis
790 4031 900 4119 potius
920 4027 1116 4117 quibusdam
1131 4048 1205 4093 cou-

104 4134 369 4203 siderationibus
391 4135 556 4203 obvenire.
580 4137 649 4202 Hae
675 4157 815 4223 namque
841 4142 935 4211 sunt,
966 4153 1050 4219 quae
1073 4131 1202 4219 potissi-

103 4262 206 4311 mum
233 4239 400 4308 retardare
427 4247 558 4329 possent
585 4241 792 4331 auspicatum
819 4239 868 4307 rei
897 4237 1034 4305 e'xitum.
1058 4237 1204 4329 Quapro
1295 4315 1297 4321 ¹
