2820 4890
740 322 932 400 ⁴432«-r

287 453 566 521 tiorilioeutissime
583 451 622 516 de
638 451 773 538 Virgine
791 453 1034 540 praedicantur,
1051 453 1140 520 haud
1168 457 1238 522 scio
1262 466 1384 538 tamen,

287 557 348 623 hoc
366 577 468 622 unum
487 556 516 619 si
535 555 716 641 exceperis,
732 555 820 642 quod
839 558 901 623 Dei
924 557 1033 622 Mater
1054 558 1243 644 appelletur
1265 569 1298 625 et
1320 562 1374 639 sit,

230 698 232 701 ν
287 657 375 722 haud
400 658 481 734 scio,
497 657 652 743 inquam,
669 679 711 722 an
726 658 851 746 aliquid
867 659 900 724 iu
915 658 1071 724 maiorem
1088 662 1162 726 eius
1186 661 1318 728 laudem
1332 685 1377 728 ce·

290 763 356 839 dat,
380 782 476 848 quam
494 760 581 849 quod
596 782 636 826 ne
651 762 820 828 minimum
835 762 968 850 quidem
983 762 1067 829 labis
1084 766 1119 830 iu
1137 788 1200 832 suo
1223 777 1377 855 conceptu

293 867 503 956 contraxerit.

95 987 126 1038 Β.
142 990 242 1052 virgins
383 970 472 1051 Quid
490 980 540 1037 est
562 972 647 1037 enim
664 969 705 1036 ad
727 970 856 1037 laudem
872 971 1090 1060 praeclarius,
1114 974 1168 1042 vel
1184 975 1230 1040 ad
1253 975 1380 1062 gloriam

59 1058 232 1179 ffmffiss'
294 1074 493 1141 luculentius
509 1077 597 1163 quod
613 1077 812 1164 singularem
828 1079 889 1143 Dei
906 1079 939 1142 in
957 1100 1048 1143 suam
1064 1079 1277 1146 ·Genitrioem
1296 1081 1380 1146 bene·

291 1180 464 1249 volentiam
487 1177 696 1247 manifestet?
718 1183 827 1248 Ceteri
850 1182 982 1270 quidem
1004 1182 1175 1264 homines,
1203 1206 1285 1250 cum
1305 1187 1377 1250 iace·

293 1295 387 1365 rent,
404 1286 505 1351 erecti
523 1294 618 1370 sunt3
634 1308 708 1352 eum
725 1295 814 1353 certo
830 1289 1029 1354 interiissent
1052 1288 1255 1375 naufragio,
1272 1291 1372 1356 tumul·

294 1391 399 1455 tunsis
416 1391 603 1457 elluctibus
637 1394 760 1479 erepti3
793 1414 869 1458 cum
893 1393 1084 1478 gravissimo
1107 1396 1290 1460 servitutis
1310 1395 1371 1479 ingo

292 1503 548 1582 premerentur,
574 1497 609 1561 in
636 1496 819 1562 libertatem
854 1497 1120 1563 suutuindicati.
1149 1503 1197 1564 At
1222 1500 1376 1564 enimvero

294 1601 433 1666 Mariam
449 1624 512 1667 uon
529 1602 685 1668 iacentem
698 1609 730 1667 et
743 1611 937 1691 prostratam
945 1605 1035 1668 Deus
1047 1603 1225 1682 excitavit,
1239 1601 1298 1670 sed
1307 1606 1380 1691 ipse,

233 1720 238 1739 ²
293 1727 333 1770 ne
349 1713 529 1785 corrueret,
546 1707 741 1774 sustentavit
756 1717 789 1772 et
806 1706 911 1790 lulsit3
928 1729 991 1772 uon
1009 1706 1164 1794 procellis
1180 1709 1339 1774 iactatam
1351 1716 1381 1772 et

291 1809 357 1876 iam
384 1809 563 1876 demersam
584 1810 754 1890 liberavit,
781 1809 838 1876 sed
859 1832 899 1876 ne
923 1811 1134 1898 naufragium
1158 1812 1277 1900 ipsum
1299 1813 1381 1878 suhi-

291 1923 353 1992 ret,
375 1916 445 2002 ipse
464 1937 523 1980 sua
546 1937 644 1981 manu
669 1915 855 2004 prohibuit3
874 1937 937 1981 non
952 1916 1068 2002 iugum
1091 1914 1134 1980 ab
1163 1917 1245 1981 eius
1262 1917 1379 1982 cervice

292 2019 428 2106 depulit,
453 2020 510 2084 sed
526 2021 659 2085 humaui
675 2021 811 2105 generis.
826 2021 950 2085 hostem
965 2018 1232 2086 infensissimum
1250 2021 1377 2109 pedibus

288 2124 361 2190 eius
389 2123 609 2211 nequidquam
637 2125 851 2189 reluctantem
869 2123 1020 2189 subiecit.
1038 2120 1101 2189 Sed
1125 2124 1224 2210 piget
1248 2147 1300 2190 me
1317 2125 1377 2190 diu*

288 2227 357 2294 tius
373 2227 407 2291 in
425 2247 460 2291 re
478 2227 663 2314 perspicua,
680 2235 779 2314 atque
795 2233 907 2313 aperta
924 2225 1101 2303 immorari,
1115 2225 1371 2294 etratiocinaudo

288 2331 440 2419 colligere
453 2354 518 2420 quo
536 2333 627 2420 pium
639 2352 803 2420 quemque
819 2331 926 2396 animo
945 2331 979 2396 in
999 2330 1185 2397 Marianam
1209 2354 1288 2399 esse
1308 2331 1365 2397 toa

288 2439 468 2528 ceptionem
485 2438 607 2504 deceat.
623 2437 719 2518 Quod
735 2438 820 2504 enim
840 2458 950 2502 omnes
969 2437 1079 2502 animo
1093 2436 1164 2500 sint
1180 2440 1364 2526 optimust·

290 2541 332 2606 tis
348 2541 534 2607 luculenter
558 2550 646 2629 patet
670 2541 903 2618 consideranti,
914 2562 980 2627 quo
990 2539 1098 2605 studio
1123 2538 1372 2607 adnitantursa⁴

289 2666 383 2710 crum
394 2644 500 2711 eidem
513 2645 693 2733 Conceptui
711 2645 795 2712 diem
809 2654 917 2711 sancte
931 2645 1125 2730 transigere,
1143 2653 1253 2731 atque
1268 2645 1388 2712 ieiunia·

288 2749 474 2829 instituant,
484 2749 638 2837 precibus
648 2759 681 2816 et
696 2750 978 2817 obsecrationibus
994 2758 1118 2826 vacent,
1130 2750 1306 2838 animique
1320 2769 1374 2813 sor·

291 2854 389 2920 dibus
406 2853 544 2920 salutari
568 2854 780 2920 confessionis
804 2855 932 2920 lavacro
956 2853 1094 2919 detersis
1111 2852 1154 2917 ad
1170 2875 1319 2920 mensam
1331 2851 1374 2916 do

288 2957 440 3024 minicam
456 2958 619 3023 confluant
644 2957 912 3045 frequentissimi.
1291 2958 1293 2963 ⁸

78 3072 184 3124 Nullum
192 3088 239 3140 pe-
380 3068 423 3127 At
437 3064 465 3128 si
474 3063 557 3130 ‘haec
569 3084 644 3132 vera
658 3072 744 3142 sunt,
758 3072 796 3127 ut
813 3072 889 3128 sunt
905 3070 992 3128 certe
1015 3062 1204 3141 verissima,
1223 3084 1287 3128 nou
1301 3054 1371 3128 illud

76 3143 236 3269 fflffln?
288 3164 458 3234 dumtaxat
474 3168 659 3247 effecimus,
684 3169 765 3232 hanc
787 3166 913 3232 scilicet
942 3158 1161 3232 definitionem
1185 3183 1371 3253 magnopere

81 3285 217 3347 pertimes-
287 3292 386 3338 curae
408 3270 479 3339 esse
494 3273 672 3357 catholicis3
690 3272 746 3338 sed
762 3270 844 3337 illud
860 3279 1028 3358 praeterea
1050 3270 1226 3349 evicimus,
1252 3269 1367 3337 nullum

92 3355 202 3408 “ndum
286 3377 411 3444 seilicet
432 3377 618 3465 impendere
640 3377 842 3467 periculum,
860 3397 900 3440 ne
920 3374 1102 3470 discordiae
1123 3374 1316 3440 excitentur
1335 3392 1367 3438 ac

286 3482 413 3551 turbae.
439 3486 505 3551 Res
526 3486 613 3551 enim
635 3505 674 3550 oo
696 3481 835 3548 deducta
854 3488 917 3559 est,
932 3489 971 3546 ut
992 3482 1096 3547 seriae
1116 3479 1319 3546 contentioni
1331 3477 1374 3542 lo.

283 3609 344 3655 cus
366 3591 423 3658 vix
452 3610 524 3655 esse
550 3588 664 3675 possit.
693 3588 782 3666 Quin
803 3594 842 3651 et
866 3587 926 3652 hoc
952 3586 1034 3651 mihi
1059 3583 1193 3651 videtur
1224 3580 1368 3650 affirmari
1399 3645 1403 3657 ‚

283 3716 379 3784 posse
405 3696 584 3770 verissime,
602 3692 769 3758 decretum
793 3690 883 3757 istud
906 3692 947 3756 iis
976 3689 1127 3757 omuibus
1153 3690 1368 3774 gratissimum

284 3799 373 3879 lore,
390 3800 449 3887 qui
466 3806 615 3864 sanctum
629 3797 775 3881 Virginis
794 3796 942 3864 Natalem
958 3793 1096 3860 creduut
1112 3800 1146 3858 et
1165 3792 1362 3866 confitentur,

285 3905 451 3972 catholicis
467 3903 618 3971 videlicet
629 3901 802 3968 universis.
816 3900 853 3966 ld
865 3901 953 3987 quod
965 3922 1028 3966 non
1043 3897 1117 3965 ideo
1132 3898 1278 3980 affirmo,
1290 3891 1364 3987 quot

257 4042 261 4050 ·
286 4009 414 4077 Natalis
428 4009 630 4074 sanctitatem
654 4026 729 4070 eum
753 4005 922 4070 sanctitate
943 4005 1126 4091 Conceptus
1148 4005 1302 4070 connecti
1323 4022 1368 4066 ne

288 4113 430 4178 cessario
451 4113 633 4177 existimem
653 4108 693 4173 ab
716 4109 839 4195 illoque
865 4106 1016 4194 pendere.
1042 4106 1125 4186 Quis
1151 4108 1243 4191 enim
1269 4112 1368 4191 neget,

56 4225 242 4280 ruantavorem
291 4217 332 4285 ab
348 4217 504 4306 originali
521 4216 604 4295 labe,
618 4212 780 4303 siquidem
793 4233 863 4278 eam
876 4213 979 4298 Virgo
993 4209 1224 4290 contraxisset,
1237 4212 1272 4277 in
1287 4217 1370 4277 utero

85 4083 196 4138 cetere
207 4098 238 4136 e-

56 4161 116 4208 tiam
136 4157 159 4205 lu
179 4154 238 4205 illo·
