2828 4904
115 396 157 500 pa
179 415 266 488 XVI.
289 415 441 479 uniuerso
463 409 731 476 Praedicatorum
753 404 868 504 ordini
895 423 1048 472 concessa
1069 416 1188 492 quarto

115 519 189 583 idus
214 517 398 583 decembris
420 511 507 580 1813
536 513 727 598 plenissime
753 507 970 577 observentur
991 517 1064 576 tum
1090 510 1137 577 ab·
1156 530 1191 576 o·

115 621 250 686 mnibus
270 629 305 684 et
327 617 463 702 singulis
477 615 616 681 alumnis
632 614 763 680 Ordinis
777 612 1056 689 Praedicatorum,
1068 622 1138 680 tum
1157 616 1192 680 in

117 723 269 786 omnibus
293 719 417 803 pariter
443 715 574 781 Ordinis
595 715 699 799 ipsius
724 713 892 792 ecelesiis,
917 714 1089 778 contrariis
1113 716 1194 799 qrris-

115 819 321 905 busoumque
343 816 594 906 disponentibus
615 815 750 882 minime
765 814 982 881 obstantibus.
997 816 1060 882 Die
1081 813 1194 883 1711-
1248 810 1252 815 ’

120 926 158 992 111
180 924 276 993 1817.

430 1370 761 1464 APPENDIX
788 1374 881 1460 lll.

500 1596 810 1664 nutantum

119 1817 247 1866 sacras
269 1818 567 1866 concanonrroms
589 1819 840 1868 causaremur
863 1816 1092 1866 eroeroaunl
1114 1815 1193 1862 arus

164 1920 310 1968 scarras
334 1924 391 1968 orn
413 1902 456 1969 25
495 1921 649 1971 ranulam
680 1901 883 1973 11101817
919 1923 987 1983 Quo
1016 1917 1196 1967 saburrus

66 1995 68 2000 ’
162 2024 349 2072 suasuram
365 2025 387 2072 Α
402 2027 532 2072 sruono
546 2027 581 2073 vr
601 2025 851 2074 nrsrrmouausr
865 2027 899 2070 m
913 2023 1099 2072 russorum
1117 2023 1197 2067 rno-

162 2128 358 2178 vrucmrum
393 2128 668 2177 rosanaermrum
703 2133 731 2175 a.
768 2128 943 2178 vmomsm
976 2130 1034 2175 sun
1066 2127 1194 2174 mruuo

163 2239 389 2281 muAClJzATB
411 2239 615 2283 CONCEPTAM.

206 2627 288 2694 Cum
319 2631 355 2693 R.
380 2629 415 2691 P.
439 2632 477 2692 D.
502 2629 780 2713 archiepiscopus
795 2629 1041 2693 Baltimorensis
1056 2627 1196 2710 eiusque

113 2729 311 2814 suffraganei
336 2731 492 2814 Episcopi
513 2731 691 2795 concilium
703 2733 748 2796 Vl
765 2732 965 2816 provinciale
980 2749 1092 2794 mense
1112 2729 1198 2792 maio

115 2852 203 2896 anno
219 2828 304 2896 1816
320 2831 521 2896 celebrantes
534 2831 700 2915 supplices
712 2833 897 2917 petiissent,
914 2838 952 2896 ut
967 2829 1028 2895 aS.
1042 2830 1126 2894 Sede
1141 2849 1198 2912 ap·

114 2934 316 3020 probaretur
340 2932 460 2997 electio
486 2951 585 3015 quam
600 2933 663 3017 ipsi
690 2934 725 2997 in
748 2934 897 2998 Concilio
912 2934 1064 2997 fecerunt
1079 2935 1197 2998 Baetae

112 3036 237 3102 Mariae
250 3034 397 3116 ¹Virginis
419 3035 489 3098 sine
512 3032 584 3097 labe
600 3034 753 3118 originali
769 3041 948 3118 conceptae
965 3033 1000 3097 in
1021 3036 1198 3100 Patronem

115 3137 391 3221 Septentrionalis
406 3136 577 3201 Americae
596 3136 795 3202 Foederatae
822 3137 1079 3215 Provinciarum
1106 3123 1200 3201 nulla

111 3248 226 3304 tamen
250 3237 389 3304 inducta
403 3238 603 3322 obligatione
619 3238 776 3304 audiendi
797 3240 927 3304 Missam
943 3246 977 3303 et
993 3237 1199 3305 aservilibus

112 3340 273 3424 operibus
296 3340 483 3405 abstinendi
501 3341 624 3426 inipso
649 3342 735 3406 festo
751 3340 806 3406 die
831 3341 1197 3425 ConceptionisBeatae

114 3442 236 3506 Mariae
251 3459 260 3517 3
284 3449 383 3525 atque
399 3442 447 3506 ita
469 3448 509 3507 ut
536 3461 574 3507 ea
598 3441 797 3523 solemnitas,
812 3443 877 3508 nisi
892 3442 1015 3508 festum
1033 3443 1066 3506 in
1083 3441 1197 3506 domi*

70 3581 76 3591 -
114 3542 223 3605 nicam
238 3542 408 3620 inciderit,
433 3543 604 3609 transferri
626 3542 745 3608 debeat
767 3545 802 3608 in
826 3543 1025 3609 dominicam
1048 3543 1199 3628 proxime

113 3651 318 3726 sequentem,
333 3645 368 3707 in
390 3664 456 3728 qua
469 3647 585 3711 Missae
609 3652 677 3709 tam
701 3645 844 3729 priuatae
861 3665 959 3730 quam
980 3649 1143 3712 solemnes
1157 3645 1200 3713 de

113 3745 202 3809 festo
218 3746 278 3810 illo
302 3749 462 3812 translato
488 3748 709 3826 celebrantur,
733 3749 1025 3834 vespertinumque
1050 3747 1201 3815 Officium
1279 3771 1286 3777 ’

113 3847 158 3911 de
181 3846 297 3911 eodem
312 3849 494 3914 recitetur:
513 3849 773 3929 eminentissimi,
796 3871 834 3916 ac
854 3852 1119 3919 reverendissimi
1137 3836 1196 3920 PP.

115 3949 151 4011 in
177 3948 435 4033 congregatione
462 3952 605 4034 generali
621 3951 664 4018 da
685 3952 719 4015 P.
745 3953 779 4017 F.
804 3953 917 4019 habita
939 3953 995 4019 die
1021 3952 1065 4020 25
1088 3955 1199 4024 ianua-

113 4048 157 4113 rii
184 4069 234 4112 an.
266 4045 371 4127 1817,
402 4050 566 4118 referente
586 4054 867 4135 eminentissimo,
897 4075 934 4121 ao
961 4057 1221 4128 reverendissi-'

115 4154 221 4216 mol).
234 4151 352 4218 Iacobo
372 4151 523 4241 Philippo
539 4157 569 4221 S.
585 4157 624 4223 R.
640 4159 677 4221 Ε.
694 4155 891 4244 Presbytero
908 4157 1003 4226 Gard.
1021 4160 1203 4253 Fransonio
