2828 4904
381 310 562 383 -175-

109 436 247 516 Sanctis,
270 435 329 522 qui
352 457 415 501 non
438 456 588 523 expresse
611 435 791 522 loquuntur
812 433 852 500 de
876 433 912 501 B.
936 433 1011 500 Vir·

100 542 262 607 solum
254 563 287 606 ru
310 563 426 627 genere
449 540 563 606 dicunt
586 541 689 606 solum
712 539 821 658 excipi
845 539 1010 606 Christum

116 645 278 733 originali,
299 646 386 733 quod
403 656 452 712 est
467 667 580 711 verum
595 643 634 709 de
657 643 734 722 illis,
751 644 809 731 qui
825 666 864 708 aa
882 667 913 709 or
910 642 1011 710 Cost-

101 751 331 869 concipiuntur
348 750 417 815 siue
433 758 564 837 peccato
587 749 753 835 originali3
775 747 831 813 sed
853 745 928 812 inde
947 767 1011 813 non

107 854 215 941 excipi
231 873 294 920 non
309 851 425 918 debere
441 852 620 939 Virginem,
637 872 721 938 quae
738 871 802 916 non
817 871 859 915 ex
882 850 915 916 vi
938 870 1013 917 con·

99 957 182 1024 sed
215 978 256 1023 ex
280 956 384 1043 gratia
407 955 530 1022 Christi
540 963 768 1067 praeservata
791 952 866 1020 tuit.
896 954 1012 1041 ltaque

104 1081 258 1146 negamus
281 1080 390 1125 omnes
413 1041 544 1124 sanctos
562 1060 712 1146 antiquos
735 1079 805 1124 esse
827 1065 937 1125 contra
958 1081 1013 1124 no·

98 1166 266 1244 atentiam,
287 1165 384 1230 immo
399 1169 456 1230 cia
481 1186 563 1229 unus
585 1175 643 1229 cut
657 1166 738 1232 alter
754 1162 947 1230 invenietur
970 1165 1014 1228 Et

98 1290 177 1334 rmus
201 1269 319 1334 multos
341 1269 376 1334 in
404 1267 614 1334 contrarium.
646 1269 714 1354 Ego
736 1267 802 1333 vidi
827 1289 908 1354 quos
934 1269 1015 1334 citat

98 1394 112 1438 a
143 1375 409 1450 Turrecremata,
433 1379 466 1437 et
489 1391 571 1458 quos
599 1371 732 1436 loannes
761 1369 957 1458 Capreolus:
982 1378 1015 1436 et

98 1499 110 1542 s
134 1477 320 1556 Caietanus,
344 1476 403 1562 qui
425 1482 474 1541 cst
496 1474 646 1552 ultimus,
671 1474 803 1540 adducit
826 1473 934 1540 decem
956 1475 1016 1540 Pa·

97 1582 231 1669 {uiaque
253 1579 479 1659 scholasticos,
508 1589 540 1645 et
564 1579 603 1646 de
626 1578 780 1645 Patribus
802 1578 881 1644 dicit
905 1600 938 1644 se
966 1580 1014 1645 di-

97 1689 221 1753 osuisse
254 1688 382 1752 nomina
405 1697 437 1753 et
460 1686 529 1752 loca
552 1694 585 1752 et
606 1684 715 1753 verba.
745 1686 919 1751 Excutiam
941 1685 1013 1753 hre-

97 1815 111 1857 a
145 1792 254 1857 decem
288 1792 422 1856 Petrum
437 1816 465 1855 s.
489 1788 639 1856 Ostendit
664 1810 762 1877 porro
798 1789 1013 1856 Bellarminus

97 1917 199 1961 eorum
215 1896 344 1981 penitus
365 1895 437 1981 piae
454 1895 614 1960 contraire
639 1894 827 1978 sententiae3
843 1895 1014 1961 nonnullos

97 2009 152 2065 ter
173 2000 285 2064 Patres
301 1999 431 2064 minime
446 1996 669 2076 recensendos,
686 2006 798 2084 utpote
817 1997 1013 2081 haereticos3

96 2123 106 2167 s
134 2102 263 2166 demum
288 2121 328 2165 ne
351 2101 497 2166 extitisse
519 2099 651 2188 quidem
674 2099 729 2188 (l)
753 2102 843 2179 Quos
877 2120 952 2166 cum
980 2107 1012 2164 et

96 2204 250 2271 tierimus
273 2204 307 2269 in
332 2203 435 2292 priori
462 2203 599 2270 huiusce
627 2203 864 2270 lucubrationis
891 2204 1016 2281 Parte,

100 2318 113 2376 t
135 2331 173 2376 ea
196 2309 267 2375 heic
291 2308 421 2376 iterare.
439 2307 489 2372 Ad
506 2307 695 2374 Caletanum
716 2316 824 2372 autem
844 2305 1011 2395 speciatim

95 2415 171 2494 inet,
187 2414 285 2502 paulo
307 2424 389 2501 post,
407 2412 491 2479 unde
507 2414 536 2479 is
553 2413 706 2500 deceptus
727 2412 828 2478 luerit
848 2413 883 2478 in
903 2409 1012 2476 decem

118 2518 185 2585 illis
219 2516 445 2597 recensendis,
469 2526 564 2582 etex
587 2518 658 2604 ipso
692 2517 850 2584 Melchior
884 2517 1012 2596 Canus,

96 2647 128 2689 s.

95 2729 158 2792 rim
181 2748 221 2792 ex
237 2727 291 2791 illa
316 2734 499 2792 sanctorum
515 2727 648 2792 Patrum
665 2737 734 2794 tum
749 2727 924 2794 latinorum
944 2736 1014 2792 tum

95 2853 139 2898 un
155 2853 344 2918 graecorum
356 2832 556 2917 ignoratione
569 2831 691 2897 lactum
707 2841 767 2912 est,
781 2842 818 2897 ut
831 2832 1012 2898 scholastici

95 2958 120 3002 ss
134 2937 172 3001 dc
185 2937 384 3021 gravissimis
396 2935 571 3002 catholicae
587 2937 752 3001 doctrinae
767 2936 929 3024 capitibus
942 2959 1014 3024 per-

95 3063 120 3121 s,
145 3064 219 3107 cum
237 3041 299 3106 sihi
316 3041 457 3129 plurima
480 3041 664 3108 traditionis
687 3041 951 3108 internoscendas
966 3043 1014 3106 in-

94 3165 112 3208 a
135 3152 264 3229 praesto
290 3142 377 3208 haud
399 3151 517 3222 essent,
541 3145 575 3208 in
598 3144 749 3231 pelagus,
772 3152 810 3209 ut
833 3144 879 3208 ita
895 3141 1012 3221 dicam,

94 3270 148 3312 um
167 3249 449 3313 ratiocinationum
464 3271 532 3314 sese
553 3251 713 3317 coniicerc
734 3252 838 3316 coacti
862 3250 936 3316 sint.
950 3251 1014 3316 Ne·

94 3351 148 3417 rde
164 3353 284 3418 mirum
306 3354 335 3418 si
349 3353 452 3441 aliqui
469 3376 510 3419 ex
526 3355 626 3442 ipsis,
650 3356 700 3421 uti
724 3356 789 3420 iam
804 3354 929 3443 pridem
954 3354 1012 3420 Ca·

93 3465 204 3543 postca
226 3479 303 3523 vero
326 3457 475 3523 eruditus
506 3467 636 3539 auctor,
660 3481 757 3546 quem
781 3479 879 3546 supra
903 3456 1014 3525 laudae

96 3609 106 3638 ,
122 3561 201 3626 scite
213 3560 437 3641 observarunt,
453 3562 487 3627 in
499 3561 558 3628 hoc
570 3563 671 3629 veluti
683 3563 795 3650 pelago
807 3560 1013 3649 naufragium

94 3683 105 3726 1
130 3661 274 3749 perferre
298 3662 486 3748 debuerint3
511 3686 585 3729 cum
608 3664 766 3729 humanae
789 3664 917 3743 mentis,
936 3671 1013 3727 utut

93 3788 119 3832 rc
135 3777 319 3854 peracutas,
343 3768 482 3832 rationes
503 3789 544 3833 ex
568 3789 601 3833 se
623 3767 768 3887 infirmae
793 3789 923 3856 semper.
941 3767 1009 3833 cxi-

93 3975 134 4055 am
143 3960 169 4011 u
172 3961 222 4012 sint
234 3975 267 4012 ex
277 3963 389 4014 dicendis
402 3978 459 4028 pa··
497 3963 578 4014 dict'
572 3978 597 4013 ιιι
610 3977 660 4028 op
647 3963 705 4013 cit.
707 3959 749 4015 Lo
760 3956 929 4016 immaculato
941 3957 1010 4012 Cati-

498 4062 541 4101 cer
543 4049 601 4101 iona
621 4045 694 4101 dello
718 4045 752 4100 B
776 4044 890 4112 Verpioe
909 4043 1012 4101 Maria

93 4133 188 4186 sistit».
199 4129 224 4184 8.
236 4147 259 4184 c.
271 4130 296 4184 1.
500 4149 557 4202 pag.
551 4128 627 4186 312.
637 4138 690 4199 seq·

92 4225 138 4284 ιρι.
148 4219 293 4272 Ἑιᾱιιῑοίιιι
301 4220 357 4271 ord·
368 4218 445 4271 Bene

1078 448 1136 512 Quo
1158 461 1235 501 sensu

1060 519 1164 571 erood
1178 519 1238 570 set-
1270 544 1272 549 ·

1060 589 1098 639 lar
1086 604 1134 639 rm
1138 595 1236 642 retorsa

1061 661 1236 712 Pstrssexoe·

1061 732 1236 792 pertntsotum

1061 800 1161 852 christu
1120 814 1219 852 saum
1205 801 1237 850 ab

1061 871 1241 936 originallpsc·

1060 947 1118 994 osto

1077 2856 1135 2919 Quo
1145 2855 1244 2906 schola-

1066 2929 1141 2977 sticos
1169 2928 1247 2978 dure,

1065 2999 1244 3060 ritinopiamo·

1065 3073 1245 3119 numentorum
