2828 4904
750 307 927 374 ..15-

295 427 391 493 facite
413 428 550 515 primus,
565 430 623 515 qui
640 426 799 517 analytica
821 430 944 496 ratione
968 432 1215 496 controversiam
1240 434 1368 496 in-suns

292 529 478 597 distinxerit
504 531 624 620 partes,
644 542 863 620 accurateque
882 536 1078 622 exposuerit,
1100 558 1125 599 s.
1144 538 1367 602 Bonaventura

291 634 407 700 merito
431 634 646 701 existimatur.
672 636 794 702 Verum
811 643 843 700 et
865 635 945 723 ipse,
960 647 997 700 ut
1014 637 1191 718 innuimus,
1208 639 1242 702 in
1259 638 1367 704 adver-

292 762 360 806 sam
379 736 577 815 ‘sententiam
599 741 797 830 propendere
819 741 909 806 visus
932 751 991 821 est,
1016 743 1064 809 vel
1088 727 1199 809 saitem
1226 744 1367 831 quando·

261 868 268 883 ·
291 864 355 930 que
378 843 451 930 piae
474 842 581 910 favere
604 845 791 922 sententiae,
814 844 1006 931 quandoque
1030 866 1104 910 vero
1129 845 1168 909 ab
1192 846 1303 912 eadem
1320 868 1367 912 re-

283 946 405 1011 cedere
419 943 472 1034 tt).
498 1001 499 1004 ,

293 1215 360 1266 tibus
369 1217 526 1268 curationem
539 1217 739 1287 separabile;per
749 1232 794 1272 ac-
846 1217 923 1269 iuisse
932 1217 1056 1267 affirmant
1066 1234 1074 1282 3
1086 1231 1175 1282 nempe
1187 1218 1266 1269 tuisse
1278 1219 1365 1268 immu-

291 1297 381 1352 st‘dcna
398 1314 460 1353 tero
471 1307 497 1353 et
507 1310 692 1371 consequenter
703 1303 736 1354 de
748 1316 794 1354 eo·
846 1317 904 1354 nem
923 1302 1002 1366 gratia
1014 1308 1040 1352 et
1062 1303 1157 1353 meritis
1176 1303 1363 1367 Redemptom,

291 1384 350 1435 dem
368 1386 509 1449 loquuntur
526 1391 556 1436 ut
573 1386 687 1437 derivato
704 1386 796 1437 inani·
847 1386 982 1441 obnoxiam
995 1393 1079 1438 autem
1090 1387 1114 1436 ri
1126 1386 1296 1449 generationis
1309 1399 1363 1437 ear·

290 1483 358 1519 mam
374 1473 401 1520 et
410 1471 692 1537 personam,persolam
703 1471 798 1534 gratiae
848 1471 956 1539 retinet
966 1471 1053 1538 debiti,
1063 1471 1110 1522 nisi
1120 1473 1256 1534 praeventa
1266 1468 1362 1521 inisset

290 1552 442 1605 infusionem
453 1555 567 1604 curabiii.
583 1548 610 1608 5.
622 1555 721 1618 Negant
738 1568 799 1618 pec-
850 1554 888 1605 Cf.
898 1554 1028 1620 egregium
1037 1568 1125 1618 opusc.
1134 1569 1160 1620 p.
1172 1553 1272 1606 Nicotai
1281 1554 1365 1605 ciebo

291 1645 349 1690 esto
361 1640 476 1703 originali
488 1642 520 1692 de
537 1654 589 1704 quo
610 1641 746 1708 disserunt,
754 1654 801 1705 op·
854 1641 897 1707 rii,
908 1638 1149 1708 degetieidoetort's
1167 1655 1187 1691 s.
1202 1636 1320 1692 Tbomoe
1330 1636 1364 1690 A·

291 1726 350 1789 poni
368 1726 464 1777 directe
476 1727 590 1791 gratiam.
608 1721 634 1778 6.
647 1727 799 1791 Loquuntur
851 1721 1366 1795 quinetitdebeatt‘sas'rnuth'rqt‘nisDet‘·

291 1809 324 1861 de
335 1816 440 1874 peceato
457 1811 668 1878 originalisque
681 1811 800 1861 immuni·
849 1823 934 1881 poros
943 1807 1115 1862 immaculate
1125 1807 1302 1877 Conceptt'one
1312 1819 1365 1860 asts

292 1899 329 1946 tas
341 1899 456 1960 potnerit
465 1898 562 1964 baberi,
570 1896 622 1948 non
630 1912 675 1962 per
686 1897 801 1966 gratiam,
853 1896 945 1962 teatin
957 1898 1024 1960 quod
1037 1897 1146 1960 primum
1163 1895 1259 1958 prodiit
1268 1895 1363 1945 Posna·

235 2018 237 2023 .
292 1979 337 2030 sed
349 1980 404 2030 aliis
416 1981 519 2032 omnino
531 1981 611 2031 modis
623 1994 687 2044 qnos
699 1980 745 2043 ipsi
757 1993 799 2030 re·
850 1973 992 2046 assernit,
1002 1980 1075 2029 tertia
1085 1991 1147 2029 nero
1156 1977 1234 2028 editio
1244 1977 1363 2027 adornata

291 2068 407 2114 censent.
417 2060 443 2117 7.
454 2064 539 2115 Verba
550 2065 647 2116 iaciunt
656 2066 687 2116 de
696 2072 802 2130 peceato
854 2069 893 2116 est
904 2064 1000 2115 Patavii
1013 2054 1092 2129 1720‚
1104 2076 1133 2112 ac
1145 2062 1201 2111 iure
1211 2055 1362 2138 putcbem'·

290 2147 637 2214 originati‚euiuseontagium
644 2152 803 2216 pergratiam
855 2162 926 2202 mum
938 2144 1093 2217 mactem
1102 2147 1205 2197 dieitur.
1223 2145 1321 2209 Neque
1334 2145 1359 2193 ab

255 2221 260 2231 ’
291 2233 801 2301 quaenuncdatur‚totatiteraeserninon
855 2231 1114 2285 bisabtnditcelebris
1130 2229 1358 2280 tbomistaloannes

291 2321 384 2384 potest,
393 2318 442 2376 nisi
451 2331 498 2382 per
506 2320 732 2373 extraordinariam
743 2334 802 2384 gra-
852 2331 867 2368 e
879 2332 900 2368 s.
909 2318 1015 2383 Tbome,
1027 2316 1066 2366 vir
1076 2316 1189 2379 apprime
1205 2314 1312 2382 doetus,
1322 2313 1360 2377 qni

291 2402 352 2452 tiam
369 2402 484 2455 deiectus
509 2405 664 2469 contagionis
693 2410 801 2457 naturae
852 2405 939 2454 insuo
962 2399 1050 2454 Cursu
1071 2397 1230 2467 Tbectogt'co
1249 2400 1362 2464 Lugduni

291 2485 396 2536 tottatur
414 2490 595 2552 aparentibus.
605 2485 632 2540 8.
649 2486 736 2554 Agunt
754 2490 802 2540 de·
853 2481 1364 2554 1663tom.i‚inTraet,DcApprobut.

292 2585 361 2622 mum
382 2574 414 2624 de
430 2580 535 2639 peccato
558 2576 691 2642 originali,
715 2590 729 2625 a
746 2590 798 2640 quo
851 2572 1045 2627 etamtoritate
1058 2569 1195 2623 doctrinar
1212 2584 1236 2621 a.
1249 2568 1363 2624 Timar

291 2669 338 2706 nec
355 2655 437 2722 ipsum
456 2657 570 2710 Verbum
595 2658 764 2725 incarnatum,
780 2659 801 2708 si
853 2654 930 2725 Βίῳ.
941 2657 964 2723 1,
973 2669 1010 2706 ar.
1026 2646 1145 2705 2eadem
1156 2652 1282 2706 termedo
1296 2667 1363 2706 men·

292 2739 421 2792 ordinario
438 2742 515 2794 modo
532 2747 682 2806 conceptum
702 2743 800 2810 suisset,
852 2746 879 2794 te
892 2755 913 2792 s.
922 2742 1034 2791 Thomas
1047 2739 1154 2802 scripsit.

291 2823 416 2887 potuisset
426 2839 484 2878 esse
495 2825 612 2876 liberum.
631 2827 724 2879 Contra
742 2843 804 2879 vero
893 2821 927 2891 (1)
941 2822 1269 2875 besbonaventnrrbaee
1280 2821 1363 2872 scribit

291 2907 334 2971 qui
344 2909 493 2960 sententiam
503 2909 733 2975 piampropugnant
742 2913 803 2963 nibil
855 2913 1006 2962 Benedictus
1019 2908 1108 2958 Piazza
1119 2909 1145 2958 in
1157 2920 1200 2971 op.
1215 2902 1308 2959 Cottia
1319 2905 1363 2958 t'ttt·

290 2995 384 3046 borum
393 2997 539 3063 admittunt,
549 3011 596 3049 nec
608 2999 650 3048 tali
663 3013 736 3049 sensu
746 3014 801 3049 eam
854 2997 1003 3052 macutum
1021 2991 1212 3062 Concaeptt'ctn'a.
1248 2990 1363 3044 Panormi

292 3080 434 3146 adstruunt3
447 3083 489 3132 sed
500 3087 596 3150 tenent,
606 3098 637 3134 ex
647 3084 698 3134 sota
709 3083 800 3134 Christi
854 3077 933 3150 titi,
946 3081 1004 3133 net.
1017 3078 1044 3145 8,
1062 3095 1098 3130 ar·
1116 3081 1138 3144 i,
1156 3078 1224 3128 Test.
1238 3072 1266 3127 4.
1286 3098 1297 3122 ι
1319 3075 1362 3125 iiic

291 3165 371 3228 gratie
390 3172 598 3231 praeoccupatam
620 3168 698 3219 inisse
716 3171 745 3218 B.
765 3170 801 3220 M.
854 3183 922 3219 nnus
946 3173 984 3218 est
1010 3167 1077 3216 inter
1103 3168 1214 3228 quatuor
1241 3165 1360 3226 primores

291 3249 401 3312 Virginis
419 3249 530 3302 animam
551 3252 576 3303 in
596 3256 725 3304 momento
750 3254 803 3304 eius
856 3253 1025 3304 Seboiastiens
1040 3251 1073 3300 de
1085 3263 1137 3313 quo
1149 3247 1223 3298 fateri
1242 3249 1360 3311 cogimur,
1404 3240 1406 3245 '

291 3334 426 3387 creationis
438 3341 465 3386 et
475 3336 661 3388 coniunctionis
675 3350 733 3388 enm
744 3352 802 3388 cor·
853 3337 993 3388 contrariae
1002 3335 1356 3396 sententiaepropugnatorcm

292 3431 364 3486 pore,
373 3433 422 3483 qua
433 3419 528 3472 iactum
538 3424 577 3470 est
586 3426 615 3471 ut
626 3422 742 3474 immunis
749 3437 804 3473 ser·
854 3421 932 3471 inisse
944 3422 969 3469 tn
981 3415 1026 3470 tib.
1036 3412 1063 3485 5,
1074 3413 1147 3470 Setti-
1160 3411 1223 3467 diat.
1236 3409 1263 3481 3,
1277 3417 1329 3465 art·
1337 3406 1357 3460 i·

290 3511 393 3557 verunt
404 3506 436 3557 ab
447 3507 489 3557 itta
507 3508 603 3557 macuta
616 3522 691 3571 quam
713 3514 801 3572 suapte
855 3503 1062 3573 Quaestionem
1080 3519 1101 3554 s.
1113 3504 1295 3553 Beneventum
1312 3499 1358 3548 cta-

289 3597 378 3644 natura
391 3593 714 3658 contraxissendtquebae
725 3596 801 3646 ratio·
852 3595 905 3645 rius
931 3606 992 3657 prae
1008 3591 1099 3642 ceteris
1117 3594 1222 3653 tangens
1240 3589 1357 3651 punctum

288 3693 321 3732 ne
346 3685 500 3744 componunt
518 3694 630 3745 eaquae
648 3681 674 3731 in
693 3683 802 3746 speeiem
854 3677 992 3743 praesentis
1021 3676 1218 3740 controversiae,
1240 3671 1356 3738 inquirit:
1401 3724 1406 3737 Ι

287 3763 411 3814 contraria
425 3764 542 3814 videntur
555 3768 609 3814 tum
623 3765 679 3814 ins.
692 3765 800 3830 Thema,
833 3753 1052 3815 ‘Uiromanima
1063 3756 1154 3811 timae
1171 3753 1356 3823 Virgineus·
1403 3818 1406 3835 4

290 3852 345 3899 tum
355 3848 380 3897 in
399 3847 453 3897 attis
466 3847 628 3913 vectoribus,
645 3860 703 3897 cum
721 3848 801 3898 inter-
852 3841 966 3912 ctificetu
979 3842 1063 3910 merit
1075 3843 1137 3894 onte
1148 3837 1293 3908 originalis
1301 3851 1355 3908 pec·
1400 3860 1406 3923 4·

288 3931 349 3980 dum
377 3932 478 3981 beatam
506 3929 636 3992 Virginem
664 3929 802 3979 immunem
854 3919 1222 3986 reineresbrunnen
1231 3937 1294 3975 vero
1303 3936 1357 3973 sen·

287 4012 365 4065 fuisse
397 4017 514 4065 asserunt
543 4013 598 4064 sive
627 4013 658 4064 ab
685 4013 802 4076 originali
854 4011 949 4062 tentiae
966 4009 1067 4073 neganti
1084 4008 1212 4058 adhaeret.
1227 4007 1315 4058 -Cum
1324 4012 1359 4057 ta*

287 4100 340 4150 sire
366 4100 397 4149 ab
426 4100 521 4150 aetuati
549 4100 642 4168 cntpa,
671 4099 798 4150 interdum
850 4111 908 4148 men
920 4110 941 4147 s.
953 4097 1048 4146 Ductor
1066 4094 1095 4143 ad
1108 4099 1242 4156 negantem
1260 4098 1360 4144 senten-

287 4197 348 4236 nero
360 4198 416 4238 eam
428 4185 544 4248 originali
560 4184 649 4250 eutpae
662 4181 797 4236 obnoxium
851 4182 911 4233 tiam
924 4179 1089 4232 adserendam
1105 4183 1255 4242 argumenta
1272 4179 1361 4231 aderat
