2820 4890
738 330 925 406 -130-

287 453 446 521 efficimur
468 451 594 542 aliquid
615 473 686 520 esse
709 454 867 520 divinitus
884 454 1079 521 revelatum:
1099 474 1184 540 quae
1208 449 1368 520 Ecclesiae

66 556 218 612 ecelesiae
287 560 465 646 propositio
487 558 601 645 regula
623 557 698 622 fidei
709 565 860 648 prosimu
883 559 992 625 vocari
1015 559 1195 625 consuevit.
1220 560 1316 624 Hac
1306 581 1369 647 apsa

56 630 196 692 propositio

284 684 362 731 vero
390 662 428 727 de
456 684 555 728 causa
571 684 636 750 qua
651 663 799 749 proxima
816 662 891 727 fidei
911 662 1026 747 regula
1041 667 1142 740 extat,
1165 669 1259 747 patet
1280 663 1371 728 etiam

285 774 397 833 extare
421 766 566 852 regulam
581 766 727 832 eiusdem
744 766 819 831 fidoi
834 777 996 849 remotam3
1013 765 1092 830 haec
1107 772 1221 831 autem
1244 773 1297 831 est
1310 789 1371 834 rer·

284 871 362 936 bum
385 871 446 936 Ilei
470 871 591 958 inquo
616 871 723 936 divina
747 871 932 936 continetur
947 869 1113 936 revelatio.
1138 870 1296 958 Cumque
1318 871 1365 937 llei

282 973 419 1042 verbum
434 973 474 1039 ad
491 996 548 1038 nos
564 974 832 1060 profluxeritaut
847 994 905 1060 per
926 972 1171 1059 scripturarum
1188 980 1370 1040 sanctarum

282 1076 423 1163 eloquia,
448 1083 505 1140 aut
527 1096 586 1162 per
609 1074 737 1140 divinae
758 1074 942 1140 traditionis
970 1074 1271 1176 transmissionem,
1307 1075 1373 1142 hinc

282 1177 434 1246 bifariam
458 1176 534 1243 fidei
558 1178 636 1243 baec
659 1177 772 1264 regula
794 1190 914 1244 remoto
936 1176 1175 1262 distinguitur,
1201 1166 1321 1272 nempe
1344 1178 1374 1244 iu

281 1282 419 1350 verbum
430 1281 492 1347 Dei
508 1282 666 1367 scriptum
681 1292 714 1346 et
729 1281 763 1345 in
761 1266 914 1346 verbum
926 1280 987 1346 Ilei
1000 1279 1167 1345 traditum.
1180 1282 1254 1348 Hoc
1270 1290 1374 1349 auteur

282 1385 456 1451 discrimen
471 1383 557 1448 inter
573 1389 746 1470 utramque
762 1383 934 1449 intercedit
949 1381 1106 1469 regulam,
1121 1396 1279 1452 remotam
1294 1385 1375 1451 vide·

280 1490 360 1554 licet
382 1493 415 1552 et
426 1493 618 1574 proximam,
636 1487 724 1575 quod
745 1487 817 1551 fieri
840 1493 1041 1574 nequeat'ut
1062 1485 1236 1574 quidpiam
1258 1487 1375 1555 deiide

282 1591 325 1658 ab
348 1590 494 1657 Ecclesia
517 1590 713 1656 credendum
727 1599 938 1678 proponatur,
955 1591 1036 1677 quin
1050 1588 1133 1655 illud
1148 1591 1183 1655 iu
1198 1592 1265 1657 Dei
1281 1593 1377 1660 verbo

282 1695 500 1778 contineatur}
517 1693 780 1782 quandoquidem
795 1695 871 1781 ipsa
881 1701 990 1759 custos
1002 1701 1052 1758 est
1063 1693 1192 1760 divinae
1209 1696 1376 1764 revelatio

280 1799 332 1864 nis
348 1820 385 1864 ac
408 1799 563 1885 magistra
579 1820 663 1886 quae
679 1797 790 1864 fudere
807 1807 840 1864 et
859 1797 927 1863 falli
943 1799 1075 1886 nequit:
1092 1806 1206 1864 contra
1222 1822 1307 1868 vero
1324 1799 1373 1868 ali-

277 1905 361 1992 qnid
373 1905 407 1968 in
418 1904 518 1971 verbo
529 1905 592 1970 Dei
604 1904 744 1991 reperiri
761 1904 873 1990 possit,
890 1906 1038 1991 quamvis
1053 1903 1136 1969 illud
1152 1904 1309 1973 Ecclesia
1331 1904 1368 1973 ιι

281 2006 478 2072 credendum
490 2027 643 2093 expresse
654 2016 718 2071 non
730 2007 948 2094 proposuerit.
964 1996 1093 2072 Etenim
1105 2007 1145 2072 de
1156 2006 1371 2095 pluribua'ot·

281 2111 419 2176 tholicae
442 2110 608 2176 doctrinae
624 2110 787 2199 capitibus
803 2110 931 2175 nonnisi
950 2131 1105 2175 successu
1122 2098 1310 2199 temporum
1323 2113 1373 2179 do·

281 2215 439 2301 gmaticae
456 2214 562 2280 editae
578 2212 714 2280 fuerunt
729 2214 769 2278 ab
784 2213 930 2280 Ecclesia
947 2212 1160 2293 definitiones,
1176 2217 1307 2304 quotics
1318 2234 1364 2279 rc·

280 2340 356 2384 rum
378 2316 533 2384 adiuncta
555 2316 589 2382 id
611 2317 830 2406 postulabant
856 2317 987 2383 Scilicet
1008 2317 1043 2383 id
1065 2316 1130 2383 fact
1117 2325 1189 2383 tum
1216 2318 1265 2388 val
1281 2314 1395 2422 quod

280 2424 401 2490 veritas
424 2444 509 2510 quae
532 2423 597 2487 iam
619 2424 713 2510 prius
729 2422 764 2487 in
778 2421 926 2488 Ecclesia
948 2422 1125 2502 obtinebat,
1141 2431 1395 2521 negatamque

279 2528 470 2614 impugnata
489 2549 509 2592 a
524 2527 735 2593 novatoribus
751 2524 864 2606 fuerit,
883 2533 941 2592 aut
956 2527 1184 2615 quoquomodo
1207 2536 1393 2629 ιιιιιιιιιι;

280 2628 332 2696 vel
347 2630 435 2718 quod
448 2631 608 2696 excitatae
625 2629 748 2696 suerint
763 2631 984 2696 contentiones
999 2639 1032 2697 ιι
1048 2635 1293 2700 controversiae
1303 2633 1395 2737 qul·

280 2731 343 2798 bus
366 2733 511 2799 fidelium
542 2734 641 2799 animi
665 2735 897 2820 turbarentur,
920 2735 973 2802 vel
994 2734 1081 2822 quod
1104 2743 1200 2801 antea
1232 2692 1395 2804 nondun

281 2839 429 2903 examine
453 2839 531 2903 satis
549 2846 701 2905 accurato
718 2862 770 2904 res
794 2840 943 2905 discussa
965 2837 1067 2904 fuerit
1088 2847 1186 2927 atque
1211 2841 1257 2908 ad
1278 2840 1395 2946 liqui-

282 2940 361 3007 dum
385 2943 516 3009 redacta
483 2950 636 3032 ta3quae
655 2943 783 3010 demum
805 2953 977 3032 postquam
999 2944 1095 3031 apud.
1109 2965 1221 3010 omnes
1245 2947 1279 3012 iu
1303 2967 1393 3015 ιιι·

282 3045 405 3114 fessum
420 3049 547 3114 venerit
552 3049 742 3139 p,lerisque
766 3049 1000 3138 flagitantibus,
1017 3049 1057 3114 ad
1080 3049 1304 3136 dogmaticum
1322 3024 1395 3118 dc·

282 3161 409 3219 cretum
433 3154 561 3220 tandem
581 3163 631 3220 est
654 3161 774 3222 evecta.
1386 3218 1395 3245 u

371 3255 453 3322 Sane
474 3279 537 3323 non
561 3263 611 3322 est
640 3254 770 3331 difficile
790 3264 888 3345 atque
904 3278 1078 3344 operosum
1104 3258 1213 3324 omnia
1238 3259 1318 3326 baec
1338 3280 1366 3324 e·

281 3359 418 3446 xemplis
442 3359 481 3424 ab
494 3360 631 3426 historia
647 3359 833 3448 dogmatum
848 3363 959 3449 petitis
976 3363 1152 3427 illustrare.
1174 3363 1262 3429 Nam
1284 3360 1392 3452 quod

282 3460 322 3526 ad
345 3483 394 3549 pr
398 3483 487 3527 mum
510 3464 636 3542 attinet,
653 3463 800 3550 exempla
823 3466 1028 3550 suppetunt'
1019 3487 1053 3530 ru
1068 3465 1126 3543 iis,
1142 3486 1231 3551 qnae
1255 3465 1297 3531 ab
1320 3484 1367 3537 οι·

281 3569 457 3634 cumenicis
470 3568 623 3636 conciliis
635 3576 693 3634 aut
705 3592 724 3636 ι
735 3570 876 3635 romanis
888 3570 1100 3635 Pontificibus
1115 3569 1267 3637 adsertae
1279 3542 1395 3638 luen
1389 3638 1395 3683 ²

278 3672 434 3737 veritates
456 3671 632 3737 catholicae
654 3671 810 3739 adversus
832 3672 1026 3751 haereticos,
1050 3671 1102 3736 uti
1124 3679 1157 3736 et
1180 3670 1368 3750 sabelliani,

280 3781 373 3852 sunt,
390 3780 423 3838 et
438 3774 558 3853 ariani,
576 3779 609 3840 et
624 3774 801 3840 nestoriani
824 3780 921 3861 atque
938 3774 994 3839 alii
1012 3780 1174 3862 quotquot
1189 3771 1366 3841 illiusmodi

276 3874 368 3964 frugi
390 3878 533 3945 homines
564 3879 713 3944 extitero.
739 3878 855 3956 Quoad
883 3879 1041 3957 alterum,
1070 3879 1259 3966 exemplum
1281 3846 1395 3946 locu·¹

249 3981 493 4069 ,pletissimum
515 3983 671 4049 habemus
694 3984 728 4048 iu
759 3983 977 4049 controversia
1000 4003 1084 4070 quae
1107 4003 1126 4047 a
1150 4003 1176 4046 s.
1205 3982 1366 4072 Cypriam

278 4095 310 4150 et
333 4109 360 4151 s.
385 4087 545 4174 Stephano
563 4089 683 4174 agitata
700 4087 765 4153 tuit
779 4088 866 4153 circa
889 4087 1148 4174 anabaptismum
1165 4094 1290 4154 'eorum
1312 4084 1367 4177 qui
1392 4106 1395 4155 1

167 4190 170 4197 '
279 4189 372 4257 tincti
395 4191 436 4257 ab
459 4191 631 4260 haereticis
648 4191 788 4259 fueraut.
806 4191 923 4272 Quoad
940 4193 1072 4258 tertium
1088 4192 1218 4258 demum
1240 4198 1368 4281 praesto
1393 4206 1395 4211 '
