2820 4890
518 328 702 400 -139-

63 445 146 516 dicia
166 455 274 537 atque
290 451 425 538 vestigia
437 450 567 518 minime
584 450 684 517 dubia
700 449 817 520 sivein
835 448 1014 540 seripturis
1029 450 1096 518 sive
1118 450 1152 516 in

60 553 242 620 traditione
261 556 490 621 transluceant.
507 556 557 621 Ad
573 556 652 621 haec
669 564 777 620 autem
793 554 1037 621 internoscenda
1051 554 1154 621 multa

55 666 190 746 praesto
210 665 288 723 sunt
306 660 529 725 instrumenta.
544 661 616 725 lluc
629 660 714 724 enim
726 681 764 724 ea
775 658 967 725 reseruntur
977 660 1084 726 omnia
1096 681 1157 747 per

55 786 138 853 quae
163 761 210 828 ad
235 784 295 828 nos
319 766 474 851 pervenit,
488 763 646 851 nobisque
669 765 802 851 antiqua
825 764 997 829 innotescit
1008 764 1153 830 traditio.

55 868 133 934 uixi
160 873 378 933 instrumenta
389 889 449 955 pcr
459 890 539 955 qnae
551 868 594 932 nd
603 889 659 932 nos
666 872 809 954 pervenit
821 878 914 955 ctqnc
925 871 1087 933 innotescit
1098 890 1156 935 an·

61 977 144 1059 tipus
155 991 223 1035 seu
237 971 353 1034 divana
366 971 494 1036 traditio
496 992 511 1045 ;
520 991 583 1034 non
594 968 680 1034 enim
692 968 893 1034 commisceri
906 975 1012 1056 potest
1024 969 1157 1035 traditio

68 1073 132 1161 ipsa
145 1093 228 1139 cum
242 1074 467 1139 instrumentis
485 1096 543 1139 seu
559 1071 662 1138 modis
679 1095 737 1160 per
752 1094 834 1160 qnos
854 1094 892 1138 ea
915 1072 1007 1138 nobis
1023 1071 1157 1139 manile-

67 1185 180 1256 statur,
196 1197 278 1242 cum
294 1199 346 1242 res
363 1178 427 1242 sint
439 1177 532 1265 plane
549 1177 731 1256 distinctae,
744 1174 927 1242 cuiusmodi
944 1184 994 1241 est
1008 1175 1158 1243 obiectum

59 1280 92 1346 in
109 1303 143 1346 se
162 1281 424 1361 consideratum,
447 1288 545 1369 atque
561 1285 800 1349 instrumentum
816 1301 873 1345 seu
890 1282 974 1346 ratio
990 1301 1055 1362 qua
1070 1279 1158 1347 obie-

59 1396 147 1454 ctum
170 1389 397 1474 assequimur.

146 1494 219 1556 lam
243 1514 324 1557 vero
346 1491 425 1556 haec
441 1491 657 1557 instrumenta
674 1499 750 1556 suut
765 1491 900 1556 Patrum
921 1490 1062 1579 scripta,
1079 1500 1157 1559 sunt

68 1593 138 1659 libri
156 1594 331 1679 liturgici,
356 1601 431 1657 sunt
454 1592 522 1657 dies
545 1591 637 1671 festi,
662 1599 740 1657 sunt
761 1600 833 1657 acta
856 1599 1055 1682 martyrum,
1080 1601 1157 1659 sunt

62 1707 242 1788 perpetuus
269 1695 416 1761 fidelium
440 1718 566 1775 sensus,
591 1704 668 1762 sunt
683 1694 734 1762 vel
749 1696 896 1784 ipsorum
918 1695 1158 1763 haereticorum

58 1802 123 1868 sire
144 1800 294 1889 positiva
311 1799 378 1867 sive
394 1800 542 1885 negativa
561 1798 756 1878 testimonia,
774 1805 850 1863 sunt
865 1806 1071 1864 monumenta
1086 1798 1158 1888 ipsa

61 1904 331 1990 arehaeologica,
354 1924 437 1991 quae
460 1904 494 1968 in
524 1902 720 1989 multiplices
744 1902 863 1967 classes
895 1902 1157 1988 distribuuntur3

68 2007 199 2097 deniqne
223 2010 314 2073 inter
329 2008 435 2073 omnia
452 2007 571 2072 eminet
586 2007 793 2094 primumque
810 2005 874 2070 sibi
892 2005 1001 2072 locum
1015 2006 1159 2075 vindicat

73 2111 144 2198 iuge
162 2133 199 2178 ac
215 2111 330 2178 vivum
353 2110 517 2176 Ecclesiae
533 2110 773 2197 magisterium,
789 2117 889 2197 prout
909 2131 970 2175 suo
996 2109 1067 2177 loco
1084 2109 1158 2177 fuse

65 2214 264 2282 ostendimus
287 2221 385 2301 atque
408 2215 581 2302 perspicue
605 2213 848 2302 explanavimus
872 2210 926 2303 (l).

141 2320 337 2387 Istiusmodi
350 2328 459 2386 autem
474 2320 688 2385 instrumenta
699 2317 861 2384 interdum
876 2317 972 2383 simul
984 2318 1156 2385 coniuncte

64 2425 250 2512 cnnspirare
280 2432 416 2511 possunt
444 2423 485 2489 ad
513 2423 718 2488 traditionem
751 2423 918 2510 antiquam
945 2422 1154 2509 apostolicam

72 2535 156 2614 atque
171 2528 320 2595 divinam
337 2527 601 2616 patefaciendam,
618 2528 784 2593 interdum
803 2537 880 2595 vero
900 2549 1057 2593 seorsum.
1073 2528 1157 2594 Hinc

69 2630 195 2713 nullum,
211 2633 309 2699 modo
331 2634 525 2720 exceptitio,
545 2633 678 2720 perinde
699 2655 736 2698 ac
760 2633 789 2697 si
805 2632 909 2698 solum
925 2640 1021 2713 esset,
1040 2632 1158 2698 consti·

68 2737 112 2802 tui
132 2746 255 2826 potest.
282 2739 443 2817 Quocirca
466 2758 637 2826 perperam
656 2735 804 2802 nonnulli
813 2737 928 2803 -solent
950 2737 991 2803 ad
1014 2737 1160 2803 infician-

70 2839 133 2906 dan
154 2842 347 2908 traditionis
370 2843 512 2908 alicuius
536 2843 742 2907 existentiam
765 2864 885 2929 urgere
909 2841 1076 2908 silentium
1099 2844 1158 2908 Pa-

74 2951 169 3028 trun,
195 2946 321 3013 autad
345 2970 457 3014 eorum
481 2948 726 3027 auctoritatem,
751 2947 848 3034 quasi
880 2948 998 3012 ceteris
1022 2947 1158 3013 seclusis

67 3046 226 3131 fontibus,
243 3073 430 3139 provocare.
447 3051 535 3130 Quid
558 3052 644 3116 enim
667 3051 695 3115 si
719 3050 885 3115 silentium
908 3051 999 3116 istud
1018 3052 1081 3116 alio
1105 3073 1160 3138 pa·

67 3163 113 3221 cto
126 3156 226 3244 plane
243 3165 470 3244 compensetur
492 3179 529 3223 ac
546 3151 763 3245 suppleatur?
781 3157 870 3222 ldcm
889 3155 928 3222 de
952 3158 1069 3223 ceteris
1087 3156 1159 3224 heic

67 3261 234 3327 recensitis
257 3261 502 3342 instrumentis,
527 3262 555 3327 si
578 3262 767 3350 singillatim
798 3270 1004 3349 spectentur,
1029 3261 1158 3329 dicatur

69 3375 203 3453 oportet.

145 3472 192 3538 Bt
215 3470 404 3559 sane,quod
427 3470 563 3536 seclusis
584 3477 769 3538 sanctorum
792 3473 927 3537 Patrum
944 3472 1086 3561 scriptis,
1100 3495 1156 3562 po·

71 3573 179 3640 luisset
211 3573 397 3661 cuiuspiam
420 3574 567 3639 veritatis
588 3574 721 3640 traditio
742 3574 804 3640 alia
830 3576 946 3662 quavis
968 3577 1093 3642 ratione
1115 3575 1156 3642 ad

73 3693 117 3742 ms
131 3677 320 3766 pervenire,
337 3685 527 3763 argumento
542 3676 636 3744 nobis
655 3686 731 3743 sunt
747 3677 1010 3745 manifestissimo
1027 3679 1075 3744 illi
1091 3679 1156 3767 ipsi

71 3781 118 3864 qui
139 3783 244 3870 primi
268 3789 496 3868 argumentum
519 3805 560 3848 ex
584 3783 761 3849 traditione
801 3783 978 3862 deductum
1001 3792 1155 3871 tanquam

72 3881 162 3952 thesin
184 3887 429 3953 constituerunt
467 3886 508 3952 ad
531 3886 627 3953 tidem
649 3896 762 3954 contra
784 3888 965 3955 haereticos
993 3885 1158 3977 quoslibet

75 3984 340 4078 propugnandam,
364 3989 549 4069 cuiusmodi
568 3990 602 4056 in
620 3991 735 4078 primis
759 3992 967 4063 Irenaeusac
983 3989 1156 4058 Tertullia-

73 4105 121 4157 nus
137 4094 292 4161 extitere.
886 4118 888 4122 ³

101 4174 225 4290 illinet.
234 4225 268 4278 de
276 4226 341 4279 locis
349 4226 472 4291 theolog.
477 4241 536 4291 par.
544 4221 572 4280 2.
584 4232 646 4281 sect.
655 4217 683 4278 2.
695 4204 749 4293 cap.
758 4217 786 4277 2.

1243 2345 1388 2397 Coniuncta

1207 2415 1260 2465 vim
1293 2417 1387 2466 habent

1209 2501 1257 2551 per
1284 2489 1390 2538 modum

1210 2558 1287 2609 unius

1231 3483 1391 3537 Confirman-

1207 3557 1251 3606 tur
1262 3562 1291 3609 et
1309 3558 1392 3607 decla-

1215 3631 1306 3678 rantur
1315 3643 1382 3693 quae

1225 3698 1295 3751 dicta
1313 3703 1373 3752 sunt
