2828 4904
740 323 926 393 -208-

292 446 438 515 'eiusdem
461 447 664 533 exemptione
691 447 872 511 omnimoda
897 469 914 510 a
939 447 1056 532 quavis
1081 446 1131 512 rel
1157 448 1221 513 levi
1250 449 1373 515 actualis

291 554 416 643 peccati
441 548 615 619 labecula?
640 551 677 616 ld
700 574 775 617 sane
799 562 830 617 et
855 552 895 617 ab
924 554 1091 619 Ecclesiae
1117 555 1371 642 christianaeque

290 658 395 746 plebis
419 679 528 734 sensu,
546 665 644 742 atque
661 654 742 721 adeo
758 677 776 720 a
792 657 950 721 catholica
966 659 1105 724 veritate
1125 660 1273 728 alienum
1293 662 1371 727 leret.

290 762 509 842 Quamobrem
533 762 560 825 si
586 760 748 847 gonterulia
768 760 949 826 Bibliorum
976 765 1179 843 testimonia,
1206 768 1237 831 si
1261 769 1373 831 univer·

290 867 373 933 sales
397 869 552 943 Panum,
579 865 864 951 Concilierumqne
889 867 1118 933 allirmationes
1144 870 1326 956 privilegiis
1346 872 1372 934 in
1401 858 1408 953 l

289 974 469 1058 B.Virgine
481 971 650 1037 recensitis
665 971 754 1035 nullo
762 980 855 1056 pacto
871 971 1028 1051 efficiunt,
1042 995 1142 1039 eccur
1158 977 1221 1039 uni
1235 977 1372 1041 immacu·
1402 968 1408 1018 ²³

290 1079 374 1144 latae
390 1077 617 1163 Conceptiouis
635 1074 807 1162 privilegio
828 1077 989 1160 generalia
1014 1077 1180 1144 eiusmodi
1201 1080 1299 1149 ellatu
1320 1081 1372 1145 sire
1399 1085 1408 1146 :1³

289 1182 535 1269 Scripturarum
559 1181 626 1244 sive
662 1182 807 1259 Patrem,
833 1182 900 1245 sive
926 1181 1147 1247 Conciliorem
1173 1184 1308 1248 ollicere
1332 1206 1374 1272 po⁴
1394 1186 1406 1229 ¹·

290 1280 430 1354 terunt?
453 1288 551 1364 Haec,
576 1282 772 1364 lateor,mihi
795 1286 889 1374 plane
914 1286 1137 1352 ineluctabilia
1163 1289 1332 1356 videntur.
1393 1273 1407 1333 ll

378 1393 428 1458 Ad
452 1393 546 1472 haec,
573 1392 601 1458 si
624 1392 664 1458 de
688 1392 843 1458 Patribus
860 1393 1046 1481 loquamur,
1070 1394 1206 1460 nullum
1230 1404 1284 1462 est
1306 1394 1365 1485 apd
1390 1397 1403 1485 ξ’

289 1500 379 1587 ipsos
402 1500 635 1576 testimonium,
660 1499 694 1564 in
718 1520 785 1586 quo
808 1520 962 1586 expresse
986 1499 1184 1588 directoque
1216 1504 1372 1591 Deiparu
1389 1490 1408 1543 it

289 1607 322 1670 in
338 1609 471 1691 peceato
490 1603 642 1690 originali
655 1610 840 1690 conceptam
859 1601 972 1683 luisse,
995 1615 1190 1692 asseratur;
1209 1609 1302 1695 qued
1322 1606 1371 1675 eetl
1392 1607 1403 1669 ‚³

290 1716 332 1788 te,
346 1708 397 1774 uti
409 1708 488 1773 alias
502 1707 801 1787 animadvertimus,
815 1708 927 1774 divino
942 1710 1182 1797 propemedum
1196 1708 1371 1805 constttotass

61 1839 184 1889 telenum
200 1838 239 1886 n.
291 1821 380 1879 ctum
395 1835 466 1879 esse
487 1813 622 1878 dixeris.
646 1812 707 1878 Sed
733 1813 781 1878 vel
805 1835 859 1878 eos
880 1813 968 1901 ipsos
989 1816 1239 1883 ecclesiasticos
1259 1816 1371 1905 scripte'
1403 1820 1407 1859 ⁵

61 1916 101 1959 “⁸
114 1923 187 1974 ⁹⁰⁵³*
209 1923 238 1958 ⁸⁰
290 1938 354 1994 res,
378 1915 436 2002 qui
460 1916 563 2002 prima
585 1914 690 1980 frunto
707 1914 811 1980 eidem
827 1917 1073 2004 praerogativae
1087 1917 1255 1986 videntur
1280 1919 1367 1985 adver
1399 1951 1402 1963 ·

60 1981 237 2113 :3⁴:310ssae
291 2019 369 2097 sari,
385 2018 443 2083 tali
463 2018 517 2083 usi
534 2027 610 2081 suxit
631 2026 891 2104 temperamento,
908 2025 946 2083 ut
966 2018 1006 2084 ad
1025 2019 1121 2084 aliam
1148 2021 1252 2109 plane
1271 2032 1367 2087 meten
1402 2032 1408 2093 ἵ

60 2123 176 2185 c⁰¹¹¹t>⁰¹¹i
189 2123 238 2170 iu-
287 2123 366 2187 tiam
389 2120 476 2186 haud
499 2122 698 2187 incommode
715 2123 855 2210 possint,
874 2129 932 2189 aui
946 2124 1057 2212 potius
1077 2123 1228 2192 debeant
1253 2122 1366 2192 traducit
1404 2136 1408 2175 t

59 2199 237 2257 'mmm
289 2228 384 2296 Certe
409 2228 623 2315 praecipuum
640 2227 868 2293 difficultatum
889 2236 990 2315 caput
1009 2248 1051 2293 ex
1074 2249 1112 2293 eo
1140 2231 1214 2317 peti
1241 2222 1362 2305 viena
1407 2252 1408 2277 t

286 2334 375 2422 quod
398 2355 475 2399 earo
498 2333 645 2418 Virginis
669 2341 817 2399 vocatae
835 2332 998 2398 nonnullis
1015 2331 1175 2399 Patribus
1193 2333 1355 2401 lueritm'
1384 2380 1393 2431 ,Ξ

281 2445 415 2527 peceati.
441 2439 544 2525 Atqui
568 2446 601 2502 et
617 2437 701 2502 illud
717 2437 804 2502 inter
821 2444 927 2501 cetera
952 2436 1142 2502 adnotatum
1168 2460 1189 2504 a
1216 2439 1354 2513 notite,
1388 2436 1406 2491 ll

200 2617 204 2624 .
286 2544 336 2608 vel
355 2543 459 2630 ipsam
479 2541 597 2608 Christi
613 2565 740 2606 curnem
761 2541 801 2604 ah
819 2539 988 2628 aliquibus
1004 2540 1163 2606 Patribus
1178 2549 1361 2630 peccation-
1390 2526 1408 2589 tt

285 2669 364 2725 neni,
390 2647 516 2712 ratione
540 2645 665 2711 scilieet
689 2644 826 2730 originis
843 2666 885 2708 ex
901 2644 991 2735 Adae
1013 2665 1121 2722 earne,
1148 2643 1264 2712 fuisse
1286 2638 1362 2733 appel
1401 2638 1403 2647 ¹

287 2753 395 2818 latam.
431 2754 564 2817 Rursus
599 2772 752 2837 magnum
788 2747 948 2815 lacessere
982 2750 1153 2837 negotium
1191 2750 1362 2823 videbatur,

286 2856 373 2942 qued
398 2855 530 2943 quidam
555 2876 572 2919 e
589 2855 744 2919 Patribus
759 2854 907 2939 Virginis
927 2874 1056 2918 carnem
1085 2852 1242 2921 dixerint
1262 2850 1364 2921 munde

286 2973 362 3038 tem,
382 2973 568 3047 perpetem,
584 2962 812 3047 sanctificatum
831 2957 944 3022 luisse.
960 2961 1013 3036 At,
1028 2970 1161 3043 praeter
1185 2982 1287 3047 quam
1300 2950 1365 3045 quel

287 3086 439 3149 germana
456 3065 572 3129 harum
585 3064 789 3128 locutionum
802 3063 849 3128 vis
867 3063 999 3128 minime
1015 3066 1206 3130 necessario
1222 3067 1364 3153 importat,

288 3169 339 3234 uti
363 3190 424 3234 suo
448 3169 517 3234 loeo
542 3168 789 3246 declaravimus,
815 3168 958 3255 aliquam
983 3191 1067 3255 quae
1093 3170 1312 3256 praecesserit
1332 3166 1367 3231 iu·

288 3275 510 3360 quinationem
535 3277 858 3361 corruptionemque,
873 3274 1083 3339 scholasticos
1096 3297 1160 3340 nen
1180 3275 1321 3342 defuisse
1334 3269 1366 3335 ri

288 3378 408 3455 dimus,
425 3379 482 3465 qui
502 3378 623 3443 Christi
642 3380 746 3465 ipsius
771 3400 899 3443 carnem
915 3379 1127 3445 mundatione
1146 3382 1283 3466 eguisse
1304 3377 1366 3444 alit·

287 3482 417 3545 marini.
451 3483 518 3547 lmo
542 3493 574 3546 et
602 3484 689 3570 apud
721 3493 846 3549 veteres
875 3483 973 3547 etiam
1008 3484 1190 3572 scriptores
1228 3476 1364 3552 eiusmodi

289 3738 364 3800 otor,
384 3733 505 3797 Origenes
523 3736 591 3785 horn.
606 3730 638 3787 17
659 3737 682 3786 in
702 3738 811 3801 tunam,
857 3737 998 3786 iisdtserte
1009 3737 1075 3799 apud
1084 3736 1177 3788 Patres
1187 3754 1241 3790 non
1252 3736 1359 3804 paneetb

289 3817 463 3866 Tertullianus
475 3819 548 3867 inlib.
560 3815 684 3869 Decerne
698 3817 808 3884 ctutuq
856 3827 967 3885 gantur,
985 3822 1084 3884 patroni
1105 3824 1232 3874 maculati
1248 3826 1355 3886 conrep

288 3900 390 3951 luctor
404 3898 596 3966 Quaestionum
606 3902 634 3954 iu
645 3901 751 3956 ciocum
765 3903 807 3956 Te·
855 3921 906 3956 non
917 3907 1125 3972 admittnnqqua
1131 3911 1237 3960 ratione
1244 3914 1356 3972 urgere?

286 3993 331 4049 ct,
341 3990 370 4034 ut
380 3987 444 4037 ulios
454 3993 643 4050 praetereamus
657 4003 720 4052 qnos
733 3991 808 4040 etiam
856 3997 943 4041 terunt
955 3990 1078 4042 nonnulla
1091 3995 1225 4055 generalia
1235 3988 1356 4044 Patruntl

287 4071 379 4133 allegat
399 4070 509 4122 Rectius
522 4074 547 4121 in
562 4068 736 4139 Ortpeutane
748 4068 808 4123 lih‘l
856 4076 973 4137 ambigua
986 4075 1062 4125 allata
1075 4077 1108 4127 ad
1120 4076 1355 4130 immaculatamdtt

288 4152 398 4218 Quaeso
426 4164 544 4227 quarta,
567 4161 718 4223 pracsertim
743 4156 809 4228 §.5
857 4164 1001 4227 ceptionem
1015 4159 1322 4230 Virginisimpetendanl
1389 4151 1392 4163 ’

285 4253 342 4304 paq·
354 4235 389 4293 66
402 4246 427 4292 et
440 4257 492 4308 seq.
506 4246 583 4309 Quod
594 4245 614 4297 si
629 4246 703 4313 haec,
722 4259 813 4310 quam·
