2828 4904
82 453 130 492 nus
142 439 262 502 probant·
317 434 423 493 tamen
445 426 554 491 minus
570 446 662 493 nemo
686 430 852 512 negaverit
868 441 1071 515 argumenta,
1089 454 1175 518 quae
1191 455 1231 498 ex
1251 433 1318 500 deu

83 510 261 632 “ffimoessfffin
313 555 374 599 seu
396 531 608 618 congruentia
631 530 856 612 deducuntur,
882 536 1074 602 sententiam
1096 536 1229 623 quidem
1248 561 1318 626 pro

134 653 206 703 etum
313 635 398 716 lem,
421 644 481 705 aut
511 657 588 703 vero
622 636 723 701 etiam
757 636 1054 723 prohabilissimam
1084 641 1235 719 efficere,
1268 665 1318 712 ut

311 752 421 811 autem
444 752 576 821 certam,
600 741 704 807 multo
727 744 836 810 minus
859 744 1025 811 obiectum
1050 746 1249 814 definitionis
1271 748 1318 818 dl

309 848 393 914 tiaae
416 847 626 914 constituere.

396 952 527 1032 Quibus
542 951 694 1018 omnibns
711 953 774 1017 rite
791 954 971 1039 perpensis,
989 956 1206 1024 concludebat
1222 979 1311 1023 car·

303 1057 488 1124 nvieinius:
511 1057 590 1123 haec
615 1065 820 1143 argumenta,
847 1067 884 1122 ut
901 1066 1001 1143 patet,
1020 1061 1177 1125 evincunt
1205 1062 1318 1148 prol:

303 1164 416 1229 simam
440 1162 616 1229 secundam
639 1183 710 1227 esse
734 1163 952 1243 sententiam,
976 1163 1016 1232 de
1041 1144 1252 1240 immaculata

306 1271 344 1334 B.
369 1268 518 1353 Virginis
542 1275 712 1354 conceptu3
733 1289 849 1332 verum
867 1289 938 1332 eam
962 1269 995 1333 in
1019 1270 1230 1336 certitudinis
1250 1294 1267 1337 e
1290 1301 1318 1310 x

305 1374 409 1460 gradu
432 1374 565 1439 minime
599 1373 828 1450 constituunt,
852 1395 926 1437 eum
952 1373 1015 1459 ipsi
1039 1396 1104 1439 nen
1126 1373 1235 1444 faveat
1264 1400 1318 1447 w

303 1481 379 1569 quis
408 1479 598 1566 scripturae
628 1477 720 1542 loeus
751 1477 882 1554 efficax,
907 1477 958 1542 vel
981 1479 1115 1565 antiqua
1141 1480 1318 1555 Ecclesiae

303 1585 407 1664 ditio,
441 1582 491 1650 vel
522 1584 657 1649 Petrum
687 1588 787 1668 atque
818 1582 1087 1650 scholasticorum
1123 1606 1306 1653 consensus.

303 1710 369 1776 quo
384 1686 538 1766 infertur,
556 1708 705 1755 romanos
718 1685 891 1752 Pontifices
907 1688 1027 1755 eximia
1041 1709 1118 1754 usos
1134 1711 1207 1754 esse
1219 1692 1318 1776 prutes

302 1794 381 1859 dum
403 1814 445 1859 ex
469 1814 533 1858 una
556 1802 649 1881 parte
665 1792 738 1878 piae
751 1791 903 1859 inverunt
924 1793 1121 1872 sententiae,
1139 1815 1179 1858 ex
1199 1795 1285 1859 altera
1297 1815 1318 1862 u

303 1905 395 1985 parte
418 1903 604 1961 constanter·
626 1893 859 1960 abstinuerunt
882 1916 900 1958 a
924 1895 1039 1982 quavis
1063 1894 1203 1962 alterius
1231 1895 1318 1984 opiniu

302 2023 441 2068 censura
465 1995 521 2087 (t).

792 2206 821 2301 g.
848 2213 906 2276 ιιι.

628 2424 764 2490 Collatia
788 2435 880 2512 atque
913 2423 1063 2511 Epiartais

308 2569 311 2574 ·
413 2541 671 2616 erqarnentarum
698 2529 809 2615 quibua
836 2529 971 2613 theoloqi
991 2531 1039 2594 vat
1060 2543 1270 2616 propiaquant

356 2639 403 2706 vel
426 2643 625 2724 impnqnuat,
639 2640 729 2723 piam
745 2635 780 2698 de
797 2637 999 2699 immaculate
1024 2635 1159 2720 Virqa'na's
1180 2632 1318 2724 Conceptt

528 2744 712 2803 sententiam
735 2739 861 2825 definiri
882 2738 1051 2822 (laquatico
1073 2759 1162 2825 pesae

88 2951 248 3003 cntnuon-
389 2946 550 3034 Equidem
573 2948 603 3011 si
630 2955 908 3033 argumentorum,
921 2967 1004 3032 quae
1030 2967 1071 3010 ex
1094 2954 1240 3034 utraque
1264 2969 1317 3013 οοιι

70 3029 249 3158 ‘ww
300 3054 447 3121 dantium
470 3062 563 3142 parte
586 3054 684 3120 allata
707 3055 741 3118 in
765 3052 908 3118 medium
932 3062 1019 3129 sunt,
1044 3055 1127 3118 ratio
1150 3053 1297 3120 habenda

71 3165 249 3229 ¹¹¹t³u¹¹⁰⁸ffe=
300 3168 399 3248 prout
421 3159 535 3225 haberi
552 3157 658 3237 debet,
675 3158 763 3223 haud
788 3179 961 3247 passumus
986 3157 1137 3234 inficiari,
1162 3181 1249 3244 quae
1273 3159 1310 3222 ab

71 3243 248 3359 restagnan—
300 3265 459 3331 versantis
482 3263 585 3349 partis
604 3263 759 3349 theologis
776 3272 950 3348 urgentur,
967 3262 1086 3326 nedum
1102 3284 1165 3326 n0n
1188 3274 1318 3327 carnemt

299 3369 363 3446 da,
388 3368 444 3434 sed
468 3368 547 3433 satis
570 3368 605 3433 in
629 3370 770 3456 speciem
794 3368 904 3452 gravia
927 3389 1108 3454 apparere,
1134 3366 1217 3432 adeo
1243 3379 1316 3432 uta

297 3476 399 3563 pitem
424 3473 659 3560 quodammodo
677 3494 937 3560 suspensumque
956 3481 1064 3537 tenere
1081 3473 1228 3538 animum
1253 3473 1318 3539 vate

297 3583 422 3646 Verum
436 3580 463 3644 si
476 3588 661 3645 accuratam
678 3578 882 3664 singulorum
895 3575 1040 3665 analysin
1052 3575 1280 3653 instituamus,
1293 3582 1318 3640 at

298 3710 334 3752 ea
358 3687 502 3774 patritius
527 3685 702 3763 rimemur,
727 3685 797 3772 ipsa
814 3679 960 3770 profecta
976 3688 1111 3759 nutare,
1136 3702 1173 3744 ae
1199 3681 1293 3768 plane
1316 3709 1318 3736 ι

297 3791 406 3855 uidere
431 3789 517 3855 haud
537 3787 659 3853 diffiniti
681 3788 811 3872 negotio
827 3785 1114 3872 deprehendemus.
1141 3785 1260 3870 Neque
1284 3791 1318 3848 ta:

297 3895 432 3970 idcirc0‚
449 3901 486 3958 ut
501 3894 641 3978 ingenue
659 3891 692 3954 id
711 3890 886 3967 fateamur,
903 3911 940 3953 ea
957 3889 1085 3952 omnino
1109 3888 1201 3951 firma
1226 3888 1318 3952 ratior

296 4007 454 4065 momenta
479 3997 651 4076 videntur,
679 4017 763 4082 quae
788 4019 806 4060 a
830 4003 921 4084 parte
957 3994 1171 4081 proferuntur
1197 3993 1318 4068 aiente

340 4232 359 4299 tt
366 4250 373 4304 ι
383 4237 477 4301 opum.
488 4239 533 4289 eit.
545 4250 569 4287 e.
581 4228 608 4287 2.
