2828 4904
451 315 634 386 -101-

100 443 200 522 prout
222 435 267 500 ita
299 434 450 498 affirmate
479 438 511 501 in
543 435 676 523 epistola
709 436 933 501 constituerat.
964 439 1083 502 Verum

112 538 268 604 bernardi
292 548 395 603 meute
419 540 507 604 satis.

492 743 521 837 g.
548 749 603 813 u1.

245 953 330 1030 Ouid
350 956 384 1019 de
408 976 556 1040 permane
585 955 738 1020 Ecclesiae
765 978 855 1020 sensu

170 1062 254 1122 circa
276 1059 316 1122 B.
346 1058 478 1141 l'irqinis
496 1055 726 1145 Correptionem
741 1059 928 1124 sentiendum

366 1162 522 1237 videatur,
537 1163 731 1248 disquiritur.

96 1365 134 1427 ln
151 1362 325 1429 catholicae
348 1363 511 1429 Ecclesiae
527 1386 654 1430 sensum
673 1364 779 1451 quoad
795 1365 935 1452 aliquam
959 1340 1083 1430 senten·

96 1468 264 1553 inquirere
277 1466 408 1553 perinde
420 1467 550 1553 quidem
563 1474 611 1532 cst
624 1477 721 1553 atque
732 1467 936 1555 investigare,
946 1468 1083 1555 inquam

96 1576 219 1657 partem
242 1572 384 1635 animum
414 1593 509 1635 suum
544 1570 715 1658 proclivem
748 1572 851 1657 magis
882 1569 1079 1658 patefecerit.

96 1695 213 1741 svero
236 1675 457 1762 propensionis
481 1674 619 1752 indicia,
643 1695 680 1739 ae
703 1673 977 1741 manifestationes
1006 1682 1082 1742 sunt

96 1799 136 1844 ca
160 1778 232 1844 eius
255 1786 337 1858 acta,
352 1779 517 1864 liturgiae,
540 1776 633 1858 iesta,
657 1776 829 1857 orationes,
853 1787 1021 1866 pastorum
1045 1800 1082 1844 ae

96 1903 151 1947 um
176 1881 209 1946 in
237 1904 337 1947 unum
357 1883 458 1948 veluti
470 1881 676 1969 conspiratio.

1147 1582 1243 1632 Indis-tu
1255 1597 1311 1633 sen·

1135 1654 1313 1704 sensusEecla·

1135 1721 1186 1773 siae
1195 1736 1256 1787 erga
1268 1724 1312 1773 att·

1134 1793 1312 1856 quamdoctrl-

1134 1876 1199 1914 uam·

96 1986 144 2052 nd
168 1985 348 2051 eruendum
371 1987 474 2072 igitur
489 2006 675 2072 germanum
691 1986 809 2052 veteris
825 1987 989 2054 Ecclesiae
1013 2008 1083 2053 sen·
1133 2066 1137 2071 ⁵
1166 1984 1170 2003 '

98 2090 191 2155 circa
217 2089 413 2155 maculatum
438 2089 489 2154 vel
511 2088 752 2154 immaculatum
780 2092 817 2155 B.
841 2090 987 2176 Virginis
1010 2110 1083 2156 con·

96 2214 145 2273 m,
163 2191 244 2258 illud
261 2215 361 2259 unum
378 2199 477 2258 restat
500 2200 537 2257 ut
556 2191 773 2287 expendamus
791 2213 874 2280 quae
891 2191 1082 2258 alterutrius

96 2295 171 2361 sitae
195 2296 369 2362 sententiae
397 2297 524 2384 patroni
551 2296 645 2383 epia
675 2295 868 2384 antiquitate
891 2296 1084 2383 depromunt
1110 2390 1112 2396 Ι

96 2407 223 2480 lmenta,
240 2401 489 2488 eaqueinvicem
512 2420 744 2487 comparemus.

96 2524 139 2569 un
155 2524 231 2568 vero
243 2526 323 2590 quas
340 2503 517 2568 maculatae
534 2503 751 2590 conceptionis
763 2501 944 2568 adsertores
961 2502 1082 2569 iosuae

96 2608 180 2673 ntiae
193 2604 374 2673 subsidium
387 2605 552 2673 adducunt
562 2607 789 2697 probationes,
805 2606 1001 2672 recentiores
1023 2628 1081 2674 eae

113 2712 267 2791 incertae,
292 2711 474 2798 dubiaeque
498 2704 782 2797 interpretationis.
806 2707 935 2776 Etenim
951 2710 1038 2778 card.
1062 2732 1082 2779 a

96 2824 262 2894 ecremata,
287 2824 323 2882 ut
346 2814 496 2892 vidimus,
520 2814 583 2880 tria
605 2813 728 2901 profert
750 2814 877 2898 Officia3
891 2815 925 2880 in
941 2835 1081 2904 quorum

96 2922 282 2986 >mundato
305 2921 455 3005 oriqinali
474 2921 601 2983 mocula
620 2920 654 2982 B.
669 2919 770 3004 Virgo
793 2914 962 3002 asseritur3
986 2919 1020 2984 in
1037 2918 1082 2985 al·

96 3048 178 3106 cero,
195 3026 281 3115 quod
297 3025 450 3092 ecclesiae
470 3023 680 3112 gerundensis
698 3025 867 3111 proprium
883 3022 985 3089 iuisse
1001 3023 1080 3089 diei-

96 3134 209 3198 rlcaius
223 3135 417 3221 sanctificata
433 3127 544 3196 eadem
559 3128 660 3214 Virgo
675 3127 709 3195 in
730 3128 841 3194 matris
862 3126 932 3196 alvo
951 3126 1081 3196 exhibe

96 3243 130 3301 .n'
140 3236 235 3301 tertio
250 3220 399 3320 denique,
415 3232 503 3320 quod
517 3253 582 3296 usu
597 3238 763 3318 receptum
777 3252 874 3317 penes
886 3230 1078 3313 Germaniae

96 3340 155 3405 sias
178 3337 280 3405 luisse
303 3336 387 3404 idem
410 3345 524 3403 auctor
546 3335 691 3414 affirmat,
713 3337 749 3400 B.
773 3334 875 3420 Virgo
890 3357 959 3401 cum
974 3335 1080 3420 fomite

96 3463 111 3508 e
128 3441 168 3509 ad
183 3438 445 3509 annuntiationis
467 3437 552 3503 diem
571 3436 714 3501 ellertur.
731 3436 832 3501 Porro
855 3456 938 3523 quae
954 3437 1081 3524 ex'pri-

97 3545 181 3611 fficio
196 3544 386 3630 allegantur,
406 3563 423 3608 e
442 3561 536 3606 serm.
553 3539 575 3604 2
592 3538 637 3603 De
654 3538 865 3626 Assumptienc
878 3559 903 3602 s.
921 3536 1079 3604 Bernardi

96 3655 175 3736 npta
195 3655 281 3713 sunt:
306 3668 388 3734 quae
412 3643 542 3733 quidem
560 3639 758 3710 ostendimus
777 3640 964 3729 hypothetice
983 3638 1023 3707 ab
1041 3661 1080 3707 eo

96 3773 125 3816 m
137 3772 207 3816 esse
222 3749 356 3838 prolata,
374 3748 431 3835 qui
443 3745 521 3812 alibi
533 3745 572 3812 dc
586 3743 792 3831 conceptione
806 3748 911 3810 activo
924 3742 1016 3828 longe
1027 3763 1080 3808 ve-

96 3854 175 3919 ilius
199 3861 249 3918 est
270 3848 509 3936 intelligendus.
534 3850 625 3928 Quae
648 3853 756 3912 autem
778 3867 820 3911 ex
841 3845 954 3911 Officio
977 3842 1079 3910 eecle-

96 3955 305 4045 gerundensis
321 3961 397 4019 sunt
413 3952 561 4029 adducta,
578 3951 651 4039 piae
662 3949 772 4037 potius
794 3949 970 4015 sententiae
986 3967 1079 4034 aper-

96 4069 178 4140 rent,
204 4068 273 4126 tum
296 4059 374 4147 quia
396 4059 430 4123 in
452 4057 493 4122 iis
517 4076 621 4122 sermo
644 4054 740 4121 estde
755 4057 1080 4144 sanctificationum»

96 4174 150 4238 mss
180 4169 217 4231 Β.
250 4165 413 4251 Virginis3
454 4172 522 4228 tum
546 4162 623 4249 quia
646 4183 757 4228 revera
785 4161 842 4240 sic,
865 4146 915 4226 uti
940 4165 1079 4228 testatur

1159 2512 1311 2568 Recentiom
1363 2542 1368 2555 ι

1132 2589 1192 2635 tunt
1203 2599 1268 2651 quae
1278 2587 1311 2639 m

1149 2654 1300 2708 assemano

1131 2723 1312 2779 atteruntnrex

1141 2795 1299 2850 etvutsom

1200 2865 1246 2918 ctis
1332 2920 1335 2930 Δ

1164 3768 1220 3824 Neo
1235 3769 1310 3837 plane

1142 3840 1310 3894 adversantur
