2828 4904
752 336 798 354 ..
819 301 862 374 pp
885 338 929 356 ..

307 425 572 496 neumasiensi
587 442 665 507 quoe
681 421 793 486 dicitis.-
804 424 888 507 salsa
903 435 976 489 scat
992 446 1071 511 quae
1088 427 1197 494 dicitis.
1214 430 1302 497 Μῖνα
1318 446 1375 499 stre

302 544 424 610 pomus,
441 545 524 589 uoco
540 545 693 601 nocemus,
706 523 790 608 saiso
811 531 1018 592 convincimus
1036 525 1088 614 (i)

343 825 378 900 (¹.)
395 830 464 881 flacc
475 829 529 880 iere
541 834 600 880 sunt
611 831 711 894 quaein
719 830 814 881 Concit.

309 912 439 964 basileensi
448 914 479 964 ud
488 914 679 978 impugnandam
690 914 755 976 piem
764 928 816 964 scn-

299 997 412 1056 ¹tentiam
424 998 449 1047 in
462 999 571 1048 medium
590 997 695 1061 protulit
709 1012 733 1060 p.
743 999 817 1046 ioan-

306 1078 817 1148 nes'a'MontenigroOrd.Pseud-,quae-

306 1179 357 1230 que
368 1170 484 1216 recenset
496 1180 521 1228 p.
530 1163 640 1214 Thomns
649 1164 783 1215 Strouais.
792 1166 813 1215 Ι.

305 1252 332 1303 in
342 1265 384 1314 op.
393 1252 439 1301 cit.
450 1255 522 1314 parte
534 1252 569 1316 li,
582 1264 606 1300 c.
616 1245 644 1300 4.
725 1247 732 1261 ’

300 1386 303 1395 ,
341 1334 405 1384 Cum
424 1336 466 1385 rei
486 1335 579 1385 invitus
603 1335 734 1385 debuerim
752 1335 819 1389 inter

306 1419 361 1482 piae
371 1419 510 1485 sententiae
519 1419 676 1468 adversarios
684 1432 817 1477 recensere

306 1505 441 1554 nonnniios
458 1519 488 1554 ex
501 1505 699 1568 praeclarissimo
710 1504 816 1555 Praedi-

301 1577 422 1637 catorum'
439 1587 543 1654 Ordine,
554 1602 631 1652 quem
651 1602 698 1652 ego
719 1602 816 1652 semper

169 1662 180 1741 f
280 1671 818 1738 =etmsgntteci,etstnceroonservanttse

307 1770 384 1806 sensu
406 1757 529 1813 immoet
548 1757 613 1819 groti
633 1757 708 1806 animi
731 1757 816 1807 studio

308 1841 605 1911 prosecutussum,n010
624 1840 680 1889 heic
700 1840 818 1890 omittere

196 1923 214 1933 ”
307 1924 419 1991 decreta,
436 1925 527 2004 quibus
548 1925 684 1973 identidem
703 1925 816 1975 eiusdem

88 2030 91 2037 ·
140 2016 143 2021 '
237 2008 241 2037 ²
307 2007 371 2058 sacri
391 2002 491 2057 Ordinis
509 2008 631 2070 primores
649 2008 817 2071 quorumdem

298 2104 322 2140 <e
339 2091 390 2141 suis
407 2093 576 2142 coercuerunt
594 2091 702 2154 ingenis,
719 2104 752 2141 ne
770 2091 816 2140 de-

306 2157 454 2233 bitosfines
471 2175 497 2225 in
515 2176 616 2238 proprio
643 2176 738 2225 tuendo
759 2175 813 2238 pia-

239 2268 243 2277 ·
307 2259 358 2309 cito
370 2259 642 2322 praetergrederentur·
662 2259 759 2308 Omisso
772 2258 817 2308 de-

307 2349 377 2393 creto
398 2343 467 2393 edito
488 2342 512 2391 in
531 2341 646 2406 Cepituio
669 2341 815 2404 provinciali

308 2426 367 2476 dato
379 2428 404 2476 in
413 2425 526 2492 Baetica,
538 2426 697 2489 praesidente
709 2423 816 2474 Aiberto

300 2511 353 2560 'Las
361 2509 435 2560 Cosm
445 2510 546 2558 Vionrio
563 2508 684 2575 generali,
693 2509 761 2570 quod
771 2509 816 2558 de-

303 2599 403 2645 cretum
412 2594 521 2646 habetor
531 2594 557 2643 in
566 2593 687 2643 chronico
696 2605 737 2642 on.
748 2584 816 2644 1524

305 2679 435 2741 impresso,
452 2689 553 2727 necnon
573 2677 655 2726 altero
667 2676 737 2726 edito
749 2690 815 2726 enno

304 2752 815 2829 1602subgravissimop.Generaiiflier.

303 2844 422 2908 Xariere,
429 2849 515 2908 postea
525 2843 552 2893 S.
560 2844 591 2894 R.
602 2843 632 2893 E·
641 2841 761 2892 cardinali
771 2855 812 2892 an.

295 2924 380 2982 1655.
398 2941 493 2980 novum
511 2927 599 2977 datum
624 2928 754 2977 decretum
772 2930 811 2975 est

299 3016 326 3062 in
338 3014 449 3077 capitulo
460 3013 646 3078 beneventano,
656 3012 725 3075 quod
740 3013 772 3061 ita
785 3025 811 3062 se

301 3098 385 3148 habet:

338 3179 475 3230 «Tandem
492 3180 657 3243 praecipimus
675 3181 700 3228 in
716 3181 810 3230 virtute

303 3264 410 3328 Spiritus
421 3263 516 3330 Sancti,
528 3267 554 3312 et
572 3270 672 3313 sanctae
690 3265 811 3313 obedien·

303 3350 361 3415 tiae,
375 3351 401 3397 et
414 3349 460 3398 sub
472 3352 606 3411 praecepto
620 3347 717 3397 formali
728 3349 810 3398 omni-

302 3434 350 3482 bus
367 3438 394 3482 et
411 3433 515 3494 singuiis
541 3437 644 3482 nostine
668 3434 813 3496 provincias

301 3516 424 3582 patribus,
433 3529 463 3564 ac
475 3516 613 3581 sororibus,
622 3532 653 3567 ne
665 3518 754 3583 verbo,
763 3523 808 3568 eut

216 3606 219 3612 '
302 3598 396 3662 scripto
407 3599 473 3650 circe
492 3600 622 3650 materiam
634 3600 811 3663 Conceptionis

301 3682 458 3745 beatissimae
486 3681 597 3745 Virginis
623 3682 720 3734 Mariae
745 3685 811 3746 apud

302 3760 421 3831 personas
438 3771 509 3817 extra
521 3764 643 3817 Ordinem
661 3768 811 3817 constitutos

301 3851 396 3915 aliquid
405 3850 621 3918 proferant,quod
635 3851 675 3901 rei
686 3844 811 3901 lenissime

300 3935 809 4000 earumpictatem,acdsrotionem·ergn

302 4017 617 4080 iunctissimamvirginem
626 4018 746 4079 impedire
755 4032 810 4080 pos·

304 4102 346 4167 sit,
356 4086 400 4151 aut
412 4089 524 4166 turbare,
536 4102 581 4151 sed
592 4103 623 4151 ed
636 4090 745 4165 unguem
764 4103 809 4151 dc-

867 835 936 899 cretu
954 846 1110 882 summorum
1122 835 1275 886 Pontificum
1294 840 1327 888 de
1344 841 1372 889 si·

869 916 947 965 lentio
966 917 1184 983 servando,etiam
1196 934 1209 968 a
1221 935 1274 970 non
1294 924 1372 984 prohi-

869 998 927 1047 bitis
944 999 1011 1048 circa
1023 1007 1124 1050 nostrae
1137 1003 1276 1052 sententiae
1288 1007 1374 1067 proba-

869 1082 992 1132 bilitatem
1010 1084 1110 1146 penitus
1128 1086 1281 1153 abstineant,
1301 1103 1333 1138 ne
1350 1105 1374 1139 er

866 1165 1019 1232 inordinate,
1030 1172 1074 1217 eut
1085 1169 1167 1218 minus
1177 1171 1298 1232 prudenti
1309 1171 1374 1221 iocu-

871 1252 939 1302 tione
952 1259 1065 1302 sumatur
1074 1256 1174 1304 occasio
1183 1256 1375 1321 testinnonium

871 1337 989 1400 scandali,
1000 1339 1042 1387 sed
1062 1339 1146 1400 potius
1164 1353 1195 1389 ex
1213 1341 1337 1402 religioso
1347 1340 1375 1390 si-

869 1419 959 1486 lentio,
967 1434 998 1469 ex
1008 1422 1145 1472 verborum
1154 1428 1180 1472 et
1189 1423 1323 1473 actionum
1333 1437 1376 1472 mo·

869 1506 958 1572 destia,
967 1509 1108 1556 reverentia
1127 1509 1266 1575 religionis,
1277 1523 1308 1558 ac
1319 1509 1376 1558 flde-

869 1589 931 1638 iiom
949 1588 1101 1655 aedificatio,
1120 1594 1147 1640 et
1165 1592 1270 1641 devotio
1292 1606 1375 1642 consc-

869 1678 971 1736 quatnr.
983 1674 1059 1735 Quod
1070 1675 1090 1723 si
1101 1674 1158 1738 quis
1167 1675 1244 1724 huius
1253 1676 1376 1738 praecepti

866 1758 974 1807 violator
997 1758 1118 1824 extiterit,
1136 1773 1234 1821 poenae
1256 1761 1374 1822 gravioris

870 1842 969 1906 culpae,
980 1842 1057 1891 etiam
1069 1843 1152 1905 quoad
1165 1856 1259 1905 poenos
1273 1844 1376 1906 privatas

868 1924 1375 1992 etiniominmsubiaceot3etsimuipoene

869 2007 994 2071 plectetur
1006 2010 1160 2072 quicumque
1171 2010 1248 2066 huius
1256 2011 1324 2075 legis
1332 2011 1377 2061 ira·

867 2092 977 2141 ctionem
996 2093 1160 2158 cognoverit,
1179 2096 1207 2142 ct
1226 2094 1315 2145 stetim
1333 2108 1375 2144 non

864 2176 1049 2226 renuntiaverit
1073 2191 1096 2226 r.
1113 2191 1139 2240 p.
1158 2181 1248 2228 nostro
1275 2179 1375 2230 Prouin-

869 2258 951 2307 diali.»

905 2342 963 2391 «Ut
980 2356 1042 2392 vero
1060 2343 1149 2406 religio
1166 2345 1273 2396 adiuret
1291 2349 1317 2396 et
1334 2359 1370 2394 su-

869 2429 962 2476 stentet
974 2441 1005 2475 ex
1024 2441 1068 2476 sua
1087 2433 1158 2491 perte
1172 2429 1344 2494 devotionem,
1352 2432 1372 2479 et

867 2510 987 2572 pietatem
1006 2511 1119 2577 fidetium
1130 2512 1155 2560 in
1173 2519 1267 2564 sancto
1284 2515 1372 2577 myste-

867 2592 1075 2660 rt'0,praccipitur
1085 2597 1201 2644 omnibus
1212 2598 1336 2661 praetatis,
1345 2600 1369 2642 ut

867 2677 893 2726 in
922 2678 1017 2728 nostris
1043 2680 1221 2747 conventibus,
1239 2680 1284 2729 nbi
1304 2692 1369 2728 com-

867 2762 1011 2828 munitates,
1039 2764 1258 2830 congregationes,
1280 2762 1372 2813 conire·

864 2844 998 2895 ternitatos
1011 2847 1181 2896 iuramentum
1194 2845 1283 2898 iacere
1293 2847 1371 2897 volue-

864 2928 979 2995 rint,iilis
989 2931 1038 2980 sint
1047 2931 1183 2996 auxilio,et
1192 2931 1313 2981 assistant
1322 2942 1370 2979 cum

863 3014 932 3062 omni
973 3015 1171 3077 promptitudine
1201 3015 1371 3078 (admonendo

865 3097 935 3159 prius
954 3097 1047 3147 dehoc
1064 3095 1271 3164 Provinciaiem),
1282 3103 1309 3149 et
1326 3111 1369 3148 ser·

862 3181 933 3230 uiant
944 3194 1002 3229 cum
1012 3183 1203 3246 apparamentis,
1215 3181 1369 3244 suppellecti-

864 3265 879 3313 ii
900 3278 980 3329 secra,
992 3269 1018 3313 ct
1032 3279 1089 3312 curn
1108 3265 1236 3327 diligentia
1258 3267 1284 3314 in
1296 3265 1367 3314 omni-

862 3350 920 3414 bus,
931 3361 997 3411 quae
1011 3350 1041 3398 ed
1055 3349 1182 3412 praedicte
1196 3349 1264 3399 festa
1284 3349 1367 3400 tuerint

864 3433 1033 3484 necessariam

897 3517 955 3566 «Et
973 3518 1092 3567 cathedra
1111 3518 1143 3567 sit
1162 3517 1241 3568 iibere
1257 3533 1307 3581 pro
1317 3529 1370 3566 con·

864 3601 1035 3651 cinnatoribus
1056 3599 1231 3668 Religionum,
1250 3615 1317 3666 quos
1333 3611 1370 3649 cn·

864 3684 944 3750 pient,
954 3689 983 3732 ut
996 3684 1190 3751 concionentur,
1203 3685 1241 3733 iiii
1260 3686 1304 3749 qui
1313 3683 1370 3734 ceie-

863 3768 937 3818 brunt
949 3767 1015 3818 dicta
1026 3768 1175 3816 iuramento:
1186 3773 1211 3817 et
1222 3769 1248 3817 in
1261 3769 1311 3817 hac
1319 3779 1371 3816 oon·

863 3851 990 3902 formitate
1002 3858 1091 3901 notum
1104 3851 1146 3917 sit,
1158 3852 1228 3916 quod
1239 3851 1307 3903 intra
1319 3862 1372 3915 pau·

861 3949 905 3986 cos
915 3935 967 3986 dies
977 3937 1123 3986 instituetur
1133 3936 1310 3985 iuramentum
1319 3949 1332 3984 a
1343 3933 1373 3981 ci-

862 4019 940 4069 vitate
959 4021 1097 4081 placentina
1110 4019 1238 4069 innostro
1251 4023 1373 4083 conventu

862 4104 939 4153 sancti
950 4103 1115 4169 vincentii,et
1126 4103 1322 4154 concionabitur
1329 4100 1374 4165 qui·
