2828 4904
215 1951 373 2054 dmum,
394 1953 443 2034 id
462 1948 709 2071 potentioris
738 1948 901 2056 iuqeuii
929 1947 1142 2036 alacritati
1163 1963 1285 2074 perfi-

214 2079 411 2163 cicadam
439 2064 701 2162 coucedatur.
731 2069 869 2178 Quare
899 2102 961 2178 eo,
985 2106 1067 2187 qua
1091 2112 1177 2193 par
1205 2107 1289 2190 est,

214 2213 265 2293 iu
291 2236 340 2293 re
367 2213 476 2292 tami
503 2208 698 2290 momenti
724 2207 985 2288 oerccumlia
1011 2238 1062 2292 ao
1088 2240 1281 2299 reverea-

210 2343 291 2445 tia‚
312 2367 384 2453 eqo
410 2338 597 2422 libellum
621 2339 763 2419 istuue
790 2352 829 2418 et
855 2335 1076 2422 Sanctitati
1108 2362 1203 2430 tuae
1228 2345 1287 2460 ⁰f·

197 2467 304 2584 fero
331 2497 382 2554 ac
411 2487 506 2552 tuae
534 2469 774 2550 auctoritati
787 2471 961 2575 percitus
980 2469 1182 2556 submitto.
1209 2478 1282 2560 Eu

209 2627 289 2711 quo
317 2627 404 2682 uou
432 2598 555 2681 aliud
589 2623 775 2706 uuquam
809 2597 1043 2707 pollicitum
1077 2605 1181 2685 milti
1216 2635 1283 2689 me

208 2755 298 2813 csse
313 2727 462 2811 credas
476 2727 619 2828 aelim,
635 2751 759 2833 quam
777 2721 1084 2813 benevolentem
1100 2746 1195 2814 tuac
1213 2762 1281 2815 oo

208 2860 385 2944 lamatis
407 2865 456 2943 im
475 2886 567 2944 eam
583 2883 776 2942 caussam
799 2858 1133 2968 iacliuatioaem,
1156 2894 1282 2975 quam

206 3019 284 3104 pro
312 2990 439 3074 olrili
463 3006 586 3101 parte
614 3014 881 3099 propuqaare
915 3015 966 3073 ac
1000 2992 1095 3076 luce
1131 2998 1280 3106 aliqua

205 3149 404 3235 sparqere
433 3148 527 3206 sum
558 3136 745 3204 comatus.
769 3119 864 3203 Hoc
892 3147 966 3230 spe
983 3119 1148 3234 fretus,
1176 3156 1284 3234 quae

203 3255 309 3336 milei
328 3260 440 3337 iuter
459 3251 728 3336 scribemlum
742 3249 929 3334 laborum
946 3255 1280 3367 oiqiliarumqae

200 3384 414 3468 molestias
443 3410 530 3464 acu
558 3386 779 3464 minimam
810 3382 1124 3494 leuivit‚fiuem
1135 3384 1278 3499 socio,

204 3513 317 3596 illud
335 3541 365 3594 a·
383 3514 480 3594 Deo
504 3511 674 3597 Orrmro
696 3509 882 3592 Murrum
910 3517 1037 3596 cuiae
1060 3536 1282 3625 precatus«,

200 3661 247 3727 ut
268 3643 333 3726 Te·
346 3643 405 3726 aa
421 3647 616 3728 uniuersi
635 3642 760 3728 Orbis
778 3641 973 3726 catholici
987 3645 1202 3728 diutinam
1211 3647 1280 3761 se·

202 3773 407 3862 licitatum
426 3775 507 3857 diu
522 3778 645 3858 etium
653 3770 933 3886 feliciterque
952 3781 1135 3884 sospitet

259 3904 335 3989 Eo
346 3902 524 3989 aeuum
543 3902 636 3987 Coll
619 3906 721 4018 leqii
749 3902 933 3985 Romami
956 3903 1098 3988 idibus
1125 3926 1218 3990 seut
1203 3910 1284 3989 tii-l

201 4027 277 4139 lus
297 4061 431 4116 aureo
424 4032 664 4119 christiano
681 4030 758 4115 M.
778 4029 960 4115 DCCC
981 4031 1123 4116 XXX
1124 4034 1169 4116 X
1173 4036 1224 4120 V
1220 4036 1278 4118 II
