2820 4890
399 311 585 379 —187-

55 444 122 502 rata
139 433 195 520 (1),
212 435 387 502 caietanus
404 432 460 521 (2),
478 433 637 500 Melcbinr
654 431 762 498 Canus
780 429 840 520 (3),
863 427 951 497 card.
970 429 1039 496 Pal·
1098 446 1266 501 denotionis

55 543 117 606 ius
141 539 196 628 (d),
221 541 388 604 Launoius
413 537 468 627 (5),
489 536 694 626 Lampridius
711 537 767 625 (6).
789 539 839 602 Ex
861 537 911 601 bis
934 537 1038 621 igitur
1104 518 1262 639 Qfflm‘

55 669 64 710 ι
91 645 323 732 depromemus
341 653 544 728 argumenta.
1263 694 1267 703 .

55 749 129 813 'ihil
152 747 193 812 ab
216 747 361 813 Ecclesia
385 746 514 812 deliniri
532 767 574 811 ex
593 745 654 811 lide
671 754 791 832 potest,
815 746 903 833 quod
924 755 1036 834 aperte
1114 747 1253 799 ¹¹⁸¹¹⁰⁰⁰ss

63 874 225 941 expresse
247 853 283 916 in
302 852 403 917 sacris
432 851 569 928 litteris,
595 859 650 916 aut
676 850 849 916 traditione
875 872 938 915 non
962 871 1036 916 ceu·
1116 825 1245 869 'mm'

55 980 103 1037 rr,
130 963 188 1020 aut
205 954 317 1019 saltem
334 975 396 1018 non
412 954 528 1019 intimo
558 961 769 1020 connectatur
797 975 883 1019 nexu
908 973 983 1018 cum
998 973 1038 1018 eo

55 1080 213 1147 expresse
236 1058 415 1125 revelatum
443 1065 507 1136 est,
532 1057 650 1145 hicque
674 1079 779 1124 nexus
802 1056 966 1123 evidentia
990 1055 1037 1124 as-

55 1177 61 1230 t
89 1165 145 1231 vel
164 1163 363 1253 plepss’couel
378 1164 604 1252 metaphysica,
628 1172 727 1250 atque
751 1163 825 1229 ideo
852 1163 1036 1228 necessario

67 1270 271 1334 deducatur.
297 1269 381 1334 Cum
397 1289 474 1333 vero
489 1266 653 1332 eiusmodi
674 1288 737 1332 nnn
755 1268 799 1332 sit
821 1266 982 1332 articulus
997 1266 1037 1333 de

55 1375 154 1439 ritate
179 1377 215 1438 B.
241 1372 387 1458 Virginis
410 1372 451 1438 ab
472 1372 651 1457 originaria
677 1371 747 1438 labe
769 1372 928 1460 inprime
950 1372 1036 1437 eius·

55 1477 263 1564 nnceptionis
287 1485 465 1556 momento,
490 1478 704 1563 consequitur
726 1497 797 1542 eam
824 1476 955 1543 decreto
982 1477 1037 1544 do

57 1606 83 1648 ο
113 1581 242 1646 definiri
270 1581 310 1645 ab
334 1581 481 1646 Ecclesia
504 1581 594 1646 nulla
618 1583 743 1647 ratione
767 1603 861 1669 posse
885 1581 939 1671 (7).

55 1709 120 1754 ine
145 1687 173 1751 si
204 1684 352 1751 intimius
376 1707 443 1750 rem
467 1675 724 1773 perscrutemur,
749 1685 838 1752 facili
861 1687 1038 1776 depreben-

76 1791 215 1876 ncgotio
238 1789 365 1854 nullum
380 1789 464 1876 piae,
483 1811 581 1876 quam
605 1802 737 1870 vocant,
761 1793 940 1858 sententiae
964 1791 1038 1860 lun·

55 1906 133 1962 tum
159 1895 225 1963 sive
250 1895 283 1960 in
307 1896 409 1960 sacris
432 1895 567 1974 litteris,
587 1897 654 1962 sive
678 1897 713 1960 in
737 1896 911 1963 traditione
935 1907 1039 1964 trans·

55 2047 66 2079 ,
97 1998 197 2062 immo
223 1997 280 2062 bas
297 2006 410 2083 aperte
434 1999 512 2063 satis
533 1998 637 2063 eidem
662 1997 848 2082 adversari3
873 1998 930 2064 sed
953 1999 1042 2065 illam

55 2123 101 2167 ae
126 2100 269 2166 totaliter
292 2102 388 2167 inniti
415 2101 449 2165 in
473 2101 589 2186 agendi
618 2102 744 2167 ratione
772 2123 870 2188 quam
899 2103 1041 2169 servavit

55 2209 90 2272 ia
116 2206 262 2294 sequiori
283 2207 316 2271 in
340 2228 431 2285 aevo,
457 2214 489 2271 et
512 2228 577 2293 qua
600 2204 743 2286 lactum,
760 2215 798 2272 ut
820 2205 941 2273 festum
973 2209 1043 2274 Ma·

68 2311 301 2396 Conceptionis
323 2309 363 2376 ab
387 2333 425 2375 ea
449 2309 656 2399 probaretur.
679 2312 746 2377 lam
770 2333 847 2377 vero
870 2312 928 2398 qui
949 2310 1043 2397 plane
1136 2380 1139 2385 ,

89 2415 126 2479 in
153 2414 342 2500 theologicis
369 2415 551 2502 disciplinis
580 2415 732 2494 nonsit,
760 2415 880 2502 optime
903 2416 1042 2495 noverit,

54 2522 125 2587 iam
148 2520 182 2584 in
205 2520 256 2584 bis
279 2520 506 2599 instituendis,
532 2542 616 2607 quae
641 2520 681 2586 ad
709 2519 834 2587 cultum
855 2531 888 2585 et
907 2528 1044 2587 consue-

56 2647 96 2690 m
121 2633 284 2711 spectant,
315 2626 440 2690 ratione
467 2633 525 2691 aut
559 2625 721 2714 probabili
744 2635 802 2692 aut
831 2624 1045 2713 probabiliori

58 2729 205 2806 moveri,
229 2737 329 2814 prout
348 2729 396 2795 vel
417 2730 488 2815 ipse
512 2729 739 2795 animadvertit
762 2731 967 2817 vasquezius
988 2728 1041 2817 (8).

62 2846 143 2899 cu'm
166 2833 211 2896 ita
236 2833 312 2911 sint,
337 2840 425 2918 patet
443 2832 568 2897 nullum
593 2833 710 2898 exinde
735 2832 982 2901 fundamentum
1002 2834 1043 2899 ad

55 2960 101 3004 im
137 2937 211 3002 fidei
235 2938 454 3002 definitionem
477 2938 645 3004 Ecclesiae
669 2946 854 3026 suppetere.

55 3154 57 3184 l
77 3134 157 3185 Cone.
173 3133 318 3197 basileensi,
336 3135 401 3183 etin
421 3147 461 3196 op.
551 3128 585 3198 (5)
601 3131 642 3185 De
654 3130 688 3185 B·
706 3131 824 3203 Vimine
851 3130 996 3202 Conceptn,
1008 3134 1041 3184 de

55 3232 86 3270 ιι(
99 3216 131 3272 de
145 3217 256 3268 eera'totc
279 3214 462 3285 Concepticnis
516 3232 568 3283 qno
583 3225 681 3284 postea.

55 3315 106 3354 nae
122 3299 259 3370 Vir-pinis,
275 3300 462 3370 prolectando
549 3299 585 3369 (6)
595 3305 625 3354 ln
637 3305 680 3354 nn.
693 3298 735 3355 De
751 3303 939 3371 superstitione
948 3302 1036 3358 odan-

55 3385 464 3456 ecorompetrilusConcitiiBo·
516 3387 668 3442 demediol.
678 3383 756 3441 1740:
768 3390 792 3439 ln
802 3405 855 3454 qno
872 3393 919 3442 sub
929 3391 1038 3458 Lamprl·

54 3489 81 3523 n.
101 3475 201 3524 Domini
224 3474 463 3527 MCCCCXXXVH.
515 3476 550 3527 dii
562 3476 665 3525 nornine
676 3477 739 3525 latet
751 3477 918 3527 muratorius.

55 3554 131 3609 lulio.
153 3560 248 3609 nonnae
258 3554 337 3612 1547.
558 3555 592 3625 (7)
605 3561 643 3609 lta
663 3561 731 3610 card.
745 3560 939 3611 Turrecremata
949 3566 976 3611 et
989 3561 1037 3612 Ca·

58 3656 93 3691 m.
101 3642 148 3692 Ill.
162 3640 256 3711 Oposc.
266 3639 291 3693 6.
305 3645 395 3694 Traet.
405 3646 416 3693 1
427 3640 460 3695 de
513 3645 647 3696 tetanusin
659 3658 730 3708 oper.
744 3647 788 3695 cit.
798 3645 848 3708 Qui
862 3650 946 3696 tamen
958 3653 1036 3697 autu·

55 3739 66 3776 1.
79 3723 113 3777 B.
129 3724 453 3796 Virpinis.Lugd11nil54l
512 3736 583 3780 mant
605 3729 737 3782 adversam
762 3730 912 3782 sententiam
933 3731 1036 3782 deliniri
1090 3746 1095 3754 ·

55 3827 135 3948 illeiis
149 3895 274 3965 Theolop.
287 3899 331 3948 lin.
344 3900 392 3949 Vll
404 3914 427 3949 e.
440 3893 457 3949 3
512 3830 667 3964 poldlbom.
682 3900 729 3950 ΙΙΙ.
742 3899 768 3949 tn
781 3894 806 3951 3.
816 3900 874 3949 Par.
887 3915 908 3950 s.
921 3900 1036 3951 Thomas

55 3990 73 4034 t.
84 3981 204 4034 Coloniae
213 3979 399 4047 Agrippl585
410 3983 456 4035 lob
510 3985 574 4048 disp.
591 3977 643 4038 ‘227
663 3999 685 4034 c.
704 3979 731 4050 3,
744 3990 770 4036 et
789 3999 860 4036 exeo
880 3984 960 4035 relert
973 3999 1034 4048 pro·

509 4071 604 4134 batque
614 4072 704 4120 l'ranc.
715 4071 842 4120 Veronius
853 4070 878 4119 tn
889 4065 994 4138 macta
1004 4065 1037 4136 fi-

58 4154 178 4217 peculiari
188 4152 288 4202 dissert„
298 4155 330 4204 de
348 4153 460 4218 concep·
512 4152 558 4207 dei
567 4152 639 4209 cut.
649 4155 732 4220 Capi
745 4150 771 4223 S.
782 4151 808 4204 4.

55 4238 132 4290 ‚bles
146 4239 206 4288 mibi
219 4239 390 4287 commodata.
