2828 4904
174 931 323 998 Applicstur

146 1002 202 1065 pire
219 1006 252 1055 de
275 1005 322 1056 lm·

145 1087 201 1124 mae
212 1075 323 1141 concep.

146 1147 286 1198 sententies

181 1249 324 1314 narrari

148 1331 218 1416 lione
252 1347 323 1385 oom-

147 1415 323 1457 munissensus

146 1471 259 1524 libellum

164 1767 261 1822 Petarii
280 1784 328 1822 nu-

145 1842 328 1894 ctoritatecon·

145 1909 239 1961 lirunlt
293 1951 299 1964 .

164 2707 197 2756 El
210 2705 302 2769 publici

163 2778 247 2826 cultas
264 2777 314 2826 Er-

186 2848 279 2898 clesiue

821 150 1006 223 -1so-

375 273 505 341 accedat
521 273 700 355 obiectum,
712 295 752 341 no
767 273 898 343 minima
915 274 1047 364 quidem
1060 276 1211 365 suspicio
1224 274 1265 343 de
1284 275 1368 345 baias

375 387 438 444 lost
452 379 587 445 veritate
603 376 758 443 suboriri.
771 377 858 444 llaec
873 379 958 443 enini
974 377 1134 445 sentiendi
1148 376 1327 467 agendique
1341 392 1392 447 nt

374 484 566 572 praesertim
588 505 664 549 curn
686 484 830 570 supremi
849 483 1014 550 Pontificio
1029 484 1173 568 formulas
1195 483 1331 551 habetur
1355 516 1378 541 ι.
1395 516 1414 544 ,·

374 590 509 667 sanctio,
526 588 577 654 sin
598 591 707 655 minus
722 596 760 654 ιιι
770 586 923 668 iuridicis,
940 595 973 654 al
984 587 1096 655 saltem
1111 597 1151 654 nt
1162 589 1322 657 inridicae
1339 589 1393 656 ds

375 695 455 759 tioni
475 694 694 782 aequipollens
711 695 833 781 reipsa
856 693 1001 761 definitio
1020 695 1204 761 existimari
1218 703 1339 784 potest,
1353 719 1412 763 a·

375 797 505 863 resilire
528 797 572 863 sit
594 795 694 862 neias.

462 906 531 988 Age
546 902 611 966 iam
627 900 847 989 expendamus
869 923 909 967 an
928 902 1008 967 haec
1030 902 1138 969 omnia
1159 902 1195 967 in
1212 901 1381 969 immacnla

374 1010 520 1097 Virginis
544 1009 740 1096 Conceptum
757 1008 927 1097 quadrent,
939 1011 974 1076 in
988 1030 1093 1098 eoque
1113 1010 1260 1098 apprime
1280 1031 1358 1079 vcra

374 1115 555 1202 perioniur.
579 1117 687 1199 Atque
709 1120 890 1179 retroverso
913 1113 1097 1180 incedentes
1125 1114 1229 1201 gradu
1253 1135 1273 1179 a
1294 1134 1414 1201 prae.

374 1219 539 1286 Ecclesiae
556 1238 653 1284 sensu
672 1217 877 1304 incipiamus.
896 1219 1108 1285 Ratissimum
1124 1240 1222 1306 porro
1242 1219 1412 1308 explora}

375 1330 528 1412 quaest,
552 1321 784 1388 christifideles
807 1345 916 1388 omnes
939 1324 1026 1389 circa
1050 1323 1136 1388 bunc
1158 1322 1338 1389 articulum
1367 1352 1371 1378 ι
1405 1365 1414 1389 .

374 1449 445 1493 esse
468 1427 577 1505 animi,
594 1425 694 1514 idque
715 1427 774 1504 ita,
791 1437 830 1492 nt
851 1426 992 1491 maximo
1015 1426 1221 1492 afficerentur
1244 1424 1352 1492 seond

372 1531 422 1599 vel
446 1531 577 1596 minima
599 1529 638 1595 de
660 1530 867 1596 immaculata
896 1530 1042 1616 Virginis
1058 1528 1278 1617 Conceptione
1308 1551 1361 1617 qu
1404 1575 1414 1599 .-

375 1642 570 1701 moverotur.
587 1635 654 1702 Hac
669 1656 750 1723 pene
772 1635 915 1701 mirabili
936 1634 1080 1701 fidelium
1103 1635 1256 1701 suasione
1276 1642 1310 1700 et
1355 1663 1360 1689 ι
1393 1681 1414 1704 .

378 1761 417 1805 su
432 1748 614 1826 permotum
629 1761 700 1805 sese
715 1739 837 1805 latetur
851 1741 1004 1805 Petavius
1024 1740 1066 1805 ad
1083 1740 1171 1828 piam
1186 1737 1414 1811 sectanda

378 1844 521 1909 lentiam.
546 1842 599 1908 Sic
622 1843 708 1908 enirn
730 1842 856 1909 scribit:
872 1844 977 1910 Mouet
999 1855 1103 1910 autem
1118 1865 1179 1923 mc,
1202 1855 1241 1910 ut
1256 1848 1292 1909 in
1314 1864 1340 1907 c»

377 1955 506 2016 tentiam
527 1955 584 2016 sim
612 1955 817 2038 propensior,
843 1955 1010 2016 communia
1036 1957 1170 2016 monim
1196 1972 1306 2016 sensus
1396 1997 1411 2018 ι

376 2059 528 2130 omnium
552 2060 608 2143 qni
628 2054 685 2119 hoc
707 2058 823 2119 intimis
844 2054 1007 2133 mentibus,
1030 2057 1150 2143 alteque
1174 2055 1313 2143 &ficum

376 2169 404 2222 ct
426 2159 536 2245 quibus
555 2171 688 2247 possunt
710 2159 832 2224 indiciis
847 2160 1010 2247 officiisque
1024 2170 1193 2245 testantur,
1211 2158 1294 2223 nibil
1315 2159 1413 2242 illap

372 2265 444 2344 pino
467 2267 593 2341 castius,
612 2268 746 2349 purius,
768 2267 978 2342 innocentius,
1001 2264 1135 2328 alienius
1162 2263 1293 2350 denique
1314 2263 1361 2327 ab
1375 2290 1406 2344 ι.

379 2367 468 2432 sorde
491 2389 529 2432 ao
555 2365 624 2432 labe
642 2370 768 2454 peccati
790 2379 995 2453 procreatum
1021 2389 1042 2432 a
1061 2367 1125 2430 Dco
1148 2367 1253 2451 [uisse.
1283 2367 1355 2432 Tun
1371 2396 1398 2440 cp

376 2471 455 2536 nihil
472 2492 542 2535 cum
558 2470 665 2554 inseris
681 2480 710 2534 et
725 2469 836 2535 loram
851 2481 969 2536 rectore
985 2469 1131 2548 maiolo,
1149 2471 1286 2558 adeoque
1301 2491 1391 2558 conpr

378 2575 531 2661 licumque
563 2573 624 2637 Dei
644 2576 758 2662 offensu
782 2585 811 2639 ct
838 2574 1036 2639 damnatione
1059 2595 1217 2639 commune
1246 2595 1368 2660 unquon

376 2677 474 2743 luisse
498 2673 553 2765 (l).
577 2677 614 2741 In
637 2677 784 2742 Ecclesia
808 2697 884 2744 voro
912 2677 1064 2744 universa
1086 2677 1196 2742 cultus
1220 2675 1373 2764 publicas,

378 2782 490 2848 lemnis
510 2802 547 2846 ac
567 2781 742 2868 liturgicus
765 2781 852 2867 viget
868 2782 906 2847 de
931 2781 1077 2868 Virginis
1101 2781 1369 2869 Conceptione‚vi

376 2894 427 2953 oet
455 2894 493 2952 ιιι
516 2893 626 2952 sancta
653 2892 686 2951 et
711 2887 926 2950 immaculata.
955 2884 1130 2972 Conceptio
1158 2885 1245 2950 enirn
1273 2885 1360 2950 itas

376 2990 471 3056 modo
494 2997 636 3077 spectata
659 2995 858 3077 potestesse
881 2996 913 3053 et
936 2987 1010 3053 icsli
1033 2995 1066 3053 et
1088 2987 1197 3054 cultus
1220 2987 1352 3053 obiectu*

377 3116 482 3182 nequo
506 3095 595 3160 alind
625 3116 737 3161 revera
761 3099 822 3176 est3
846 3092 990 3180 alioquin
1013 3114 1072 3159 nec
1095 3100 1143 3158 ιοι
1165 3092 1344 3180 querelae:

378 3198 555 3263 sententiae
578 3195 858 3284 oppugnatoribus
881 3196 1036 3263 advorsus
1059 3195 1145 3261 huno
1172 3196 1338 3261 cultumi

377 3302 551 3386 excitatae3
571 3322 676 3389 neque
693 3323 719 3366 s.
738 3300 923 3366 Bernardns
939 3301 972 3367 in
991 3300 1111 3367 celebri
1130 3301 1172 3366 ad
1194 3302 1327 3366 canonic

422 3536 458 3606 (1)
476 3539 514 3592 lle
532 3539 657 3590 locarunt.
676 3539 722 3590 lib.
741 3533 783 3588 14.
801 3553 855 3603 cap.
865 3530 892 3589 2.
945 3536 1094 3592 Deobiecto
1107 3533 1309 3591 ndtusccbcbit

378 3621 409 3693 S.
423 3620 465 3676 l0.
927 3645 929 3649 >
945 3622 987 3676 sio
1002 3637 1115 3676 romano
1125 3622 1154 3674 in
1166 3621 1210 3674 die
1226 3624 1297 3690 sesto

418 3701 454 3775 (2)
481 3708 584 3771 Legosis
602 3708 635 3758 do
664 3707 713 3758 boc
741 3713 891 3770 argumento
944 3712 988 3760 tac
1000 3703 1183 3775 Consentiunis
1204 3723 1294 3771 praesc

378 3795 469 3845 Fraus·
488 3792 586 3843 Gaearn
610 3789 757 3853 episcopum
776 3792 890 3854 galilaea·
944 3793 989 3858 lv,
1008 3790 1291 3858 seqq.;iten1fru9nrar

378 3891 432 3929 sen
444 3879 469 3925 in
478 3888 520 3939 op.
542 3872 672 3926 clluieatur
686 3874 841 3941 pretiorum
859 3887 890 3925 oc
941 3879 1011 3925 curm
1023 3876 1045 3941 l,
1059 3889 1127 3938 seqq.
1140 3875 1177 3923 De
1189 3875 1239 3924 boc
1252 3891 1282 3924 ar

380 3959 510 4014 ιιινιιιιιιιιι
529 3961 646 4010 omnium
665 3955 801 4026 Barbarae
828 3956 888 4013 Vir·
943 3974 999 4009 rum
1012 3959 1278 4011 interiusclisseremus

373 4044 458 4113 pillis.
470 4045 565 4110 Hispali
578 4037 655 4097 1659.
669 4049 729 4093 tour.
749 4042 781 4091 ll.
802 4043 887 4093 Traot.
