2828 4904
760 351 804 366 ...
826 318 869 383 92
891 354 935 366 -

308 453 365 518 pas
380 452 487 496 omnes
503 430 662 496 declinare
679 453 884 518 nequeamus.
902 437 981 497 Cum
998 436 1098 519 igitur
1116 439 1151 500 B.
1166 438 1267 522 Virgo
1284 439 1370 505 talem

306 536 441 622 gratiam
457 558 475 601 e
491 558 516 600 s.
526 535 674 600 Doctoris
690 537 845 601 sententia
861 538 904 600 sit
918 548 1099 618 consecuta,
1109 561 1174 626 qua
1188 545 1296 608 omnia
1308 565 1372 628 pec·

305 650 387 717 eata,
404 647 436 703 et
451 638 580 725 quidem
597 644 681 702 omui
698 661 737 703 ee
754 652 847 725 perte
869 641 1019 718 vinceret,
1037 651 1146 728 sponte
1163 646 1370 730 consequitur
1402 686 1404 690 -

302 743 394 808 illum
409 744 608 807 existimasse
620 742 719 806 buius
731 743 855 808 divinae
872 746 991 828 gratiae
1007 767 1137 811 munere
1154 749 1190 812 B.
1204 748 1369 832 Virginem

296 855 469 934 'peceatum
483 848 590 933 ipsum
604 847 760 932 originale
775 848 900 932 vicisse3
913 849 998 934 quod
1014 849 1083 914 lieri
1099 852 1223 937 nequit,
1237 852 1303 915 nisi
1319 873 1370 936 per

302 961 464 1038 acceptam
486 952 526 1042 ab
549 952 659 1016 eadem
680 973 762 1016 noxa
794 953 1034 1017 immunitatem.
1058 955 1125 1017 Hoc
1151 976 1229 1018 vero
1253 955 1369 1020 clarius

303 1055 407 1120 adbuc
429 1077 470 1119 ex
493 1056 593 1120 altero
616 1062 739 1120 constat
762 1056 848 1133 loco,
864 1057 898 1120 iu
920 1078 984 1142 quo
1006 1057 1210 1142 hipponensis
1242 1059 1365 1144 praesul

303 1181 377 1224 cum
399 1159 524 1224 Iuliano
551 1159 717 1246 disputans
735 1167 860 1245 ,aperte
882 1159 1045 1224 inficiatur
1074 1181 1107 1224 se
1130 1162 1367 1247 transcripsisse

304 1264 431 1331 diabolo
444 1265 580 1330 Mariam
592 1265 773 1330 conditione
785 1264 945 1342 nascendi,
958 1286 1069 1352 nempe
1080 1285 1155 1329 cum
1169 1287 1209 1330 ea
1219 1274 1367 1352 concepta

305 1379 371 1451 est3
395 1368 473 1454 quia
494 1368 564 1452 ipsa
586 1367 726 1432 conditio
749 1366 874 1432 sublata
889 1374 993 1432 estex
1014 1367 1123 1432 eadem
1146 1368 1284 1452 Virgine
1306 1390 1367 1453 gra

302 1472 347 1535 tia
370 1469 567 1549 renascendi,
591 1479 703 1556 utpote
723 1469 764 1535 ob
787 1470 901 1552 merita
924 1471 1095 1536 Salvatoris
1115 1472 1220 1554 gratia
1245 1493 1361 1557 praeoc-

302 1580 430 1659 cupata.
455 1575 535 1639 Nam
550 1574 612 1636 nisi
637 1574 720 1637 bunc
737 1594 864 1638 sensum
878 1574 955 1638 hane
972 1573 1147 1658 Augustini
1167 1574 1360 1660 verba'prae·

204 1688 208 1694 '
302 1677 467 1753 salerrent,
480 1677 609 1741 minime
626 1679 694 1762 ipse
706 1677 923 1763 propulsasset
939 1677 1054 1742 luliani
1073 1677 1358 1762 expostulationem,

114 2951 250 3014 Quomodo

68 3026 250 3085 componantur

67 3107 134 3158 quae
151 3093 178 3142 in
191 3105 250 3156 rpe-

68 3165 134 3214 ciem
144 3166 248 3213 eontra-

67 3237 105 3283 ria
116 3233 213 3296 scripsit
226 3245 246 3282 s.

67 3303 235 3369 Augustinus.

302 1780 388 1868 quod
411 1781 556 1844 doctrina
580 1802 637 1843 sua
653 1780 692 1842 de
709 1780 874 1864 originalis
890 1779 972 1844 labis
988 1782 1021 1844 iu
1042 1801 1148 1849 omnes
1171 1783 1363 1868 propagatio

303 1907 353 1962 ue,
379 1907 443 1972 qua
458 1883 545 1948 Adae
569 1886 688 1970 posteri
712 1884 838 1949 diabolo
861 1885 1133 1963 transcribantur,
1149 1884 1295 1951 eamdem
1315 1885 1362 1952 llei

302 1991 488 2075 genitricem
504 1988 629 2051 diabolo
653 1989 913 2073 transcripserit,
934 1989 962 2052 si
985 1997 1017 2052 et
1038 1990 1071 2052 iu
1091 2010 1161 2052 eam
1181 1988 1361 2054 adamiticus
1399 2006 1401 2010 ⁴

301 2103 410 2159 reatus
433 2093 597 2158 derivatus
620 2090 746 2156 luisset.
764 2094 875 2177 Neque
898 2093 999 2168 enim,
1017 2102 1054 2156 ut
1078 2100 1215 2176 negetur
1239 2096 1277 2158 B.
1301 2095 1360 2158 Vir·
1391 2086 1402 2131 '¹

261 2238 267 2250 ·
302 2196 549 2284 ginemdiabolo
579 2191 802 2293 transcriptam
818 2195 930 2273 luisse,
945 2196 1027 2260 illud
1043 2204 1091 2261 est
1110 2197 1200 2275 satis,
1218 2197 1359 2284 quodpe
1402 2236 1404 2240 ι

302 2310 383 2380 stea,
400 2302 466 2368 sive
489 2302 588 2368 eitius
612 2302 679 2367 sive
702 2301 819 2377 serius,
835 2300 874 2364 ab
892 2300 948 2364 illa
964 2300 1033 2364 labe
1056 2300 1156 2364 luerit
1167 2299 1318 2380 liberata,
1332 2301 1359 2364 si·
1403 2303 1404 2310 ’

301 2404 370 2468 cuti
384 2411 418 2468 et
432 2403 523 2469 nobis
539 2402 625 2467 baud
642 2401 771 2489 quidem
792 2402 909 2466 suffieit
928 2401 1086 2466 eiusmodi
1108 2403 1234 2488 peccati
1253 2402 1362 2468 ablutio
1399 2448 1404 2479 .,

300 2528 358 2592 per
379 2507 631 2592 regenerationis
647 2506 808 2571 lavacrum
824 2503 917 2583 lacta,
932 2526 970 2568 ne
988 2502 1133 2569 dicamur
1148 2504 1281 2571 diabolo
1293 2515 1362 2570 tran

302 2610 416 2696 scripti
435 2615 544 2695 gratio
560 2611 754 2682 renascente
774 2610 837 2672 imo
860 2629 918 2672 nec
938 2616 1046 2672 sancto
1065 2609 1127 2695 ipsi
1147 2607 1358 2682 praecursori,
1397 2674 1399 2681 ,

301 2714 448 2800 quamvis
471 2713 614 2800 repletus
637 2713 785 2799 deinceps
816 2710 917 2777 luerit
940 2711 1064 2798 Spiritu
1092 2712 1208 2804 Sancto
1221 2735 1263 2778 ex
1282 2720 1357 2778 utero
1396 2777 1404 2794 ,1

304 2817 417 2882 matris
441 2838 532 2895 suae,
555 2815 589 2880 id
613 2815 677 2880 luit
700 2817 787 2880 satis.
1399 2799 1404 2815 ¹

391 2920 433 2986 Ut
455 2920 558 3004 igitur
580 2940 690 2985 secum
715 2921 784 3005 ipse
807 2919 984 2984 consentiat
1007 2940 1032 2983 s.
1057 2921 1195 2996 Doctor,
1223 2919 1363 3006 sagaciter

301 3023 545 3110 dispiciendum,
564 3045 604 3087 au
627 3023 769 3087 textibus
792 3024 850 3108 qui
873 3024 1037 3107 negotium
1060 3024 1191 3109 aliquod
1216 3024 1360 3090 facessere
1396 3034 1404 3062 ’ν

299 3127 461 3206 videntur,
486 3149 522 3202 ea
538 3127 643 3192 subsit
660 3127 825 3205 sententia,
842 3149 926 3211 quae
942 3149 1016 3190 eum
1031 3127 1166 3212 reliquis
1187 3125 1362 3191 testimoniis

298 3228 392 3294 facile
416 3231 561 3317 componi
581 3231 694 3316 possit.
716 3231 782 3292 lam
805 3251 880 3294 voro
895 3231 941 3293 nil
958 3237 1054 3305 vetat,
1073 3230 1248 3314 quominus
1273 3229 1360 3314 prima
1396 3280 1404 3305 ,

299 3354 340 3399 ex
362 3332 466 3397 allatis
481 3333 659 3418 Augustini
683 3332 847 3396 sententiis
871 3331 1032 3395 commode
1057 3330 1258 3414 intelligatur
1279 3330 1316 3394 de
1337 3327 1362 3390 li·
1396 3342 1404 3395 ὲ.

296 3435 461 3501 beratione
485 3458 543 3522 per
573 3436 806 3522 exemptionem
829 3457 847 3500 a
871 3435 1064 3519 eulpa‚eum
1092 3433 1179 3498 dicat
1202 3455 1229 3497 s.
1254 3436 1359 3498 Ductor
1399 3460 1404 3485 :

296 3539 587 3626 cutsusce'pieudom
602 3539 773 3602 ruarudaor't:
788 3536 873 3622 qnod
889 3538 987 3599 etiam
999 3556 1039 3599 ex
1051 3535 1091 3598 iis
1107 3534 1275 3618 colligitur
1291 3551 1360 3620 quae
1402 3623 1404 3631 ¹

294 3639 415 3705 ibidem
431 3639 562 3704 subdit:
590 3641 661 3704 Ideo
685 3641 837 3724 Virginem
853 3639 1001 3714 Matrem,
1015 3661 1078 3703 nou
1101 3640 1163 3721 tege
1187 3643 1296 3702 carues
1309 3658 1363 3724 pec

296 3747 369 3819 cati,
388 3742 443 3810 too
462 3755 505 3807 est
523 3766 586 3809 nou
608 3747 868 3829 eorecupiseeutice
889 3742 1027 3806 curuatis
1043 3753 1127 3804 amru
1143 3745 1362 3826 coemittentem,

210 3890 213 3893 -
294 3845 347 3910 red
367 3850 426 3937 piu
447 3838 508 3932 fide
527 3858 668 3912 sunctum
692 3866 815 3930 permen
841 3849 875 3911 tn
897 3867 927 3909 se
952 3849 1021 3931 fieri
1037 3856 1284 3930 promerentem,
1307 3861 1364 3906 eun

296 3951 419 4036 eligeret
434 3955 564 4027 creavit,
580 3951 614 4015 de
637 3973 700 4037 quo
715 3961 876 4019 crearetur
898 3952 1003 4035 elegi&
1020 3950 1099 4014 adeo
1122 3970 1237 4036 nempe
1260 3967 1364 4037 puram

296 4063 502 4142 sanctamque
526 4055 658 4134 creavit,
683 4063 720 4119 nt
735 4053 830 4140 digua
842 4063 939 4133 esset,
964 4077 1046 4141 qnae
1063 4055 1123 4119 Dei
1147 4056 1256 4120 Mater
1280 4054 1366 4135 elige-

209 4196 227 4210 .
297 4166 401 4224 retur:
415 4159 476 4225 uisi
500 4168 531 4225 et
554 4157 636 4225 illud
651 4158 758 4237 dicere
781 4157 927 4247 velimus,
952 4158 1038 4246 qnod
1054 4181 1078 4222 s.
1093 4160 1215 4224 Ductor
1238 4159 1272 4223 iu
1289 4158 1366 4223 obie-
