2828 4904
541 332 727 399 -117-

95 453 218 519 llaristo
236 451 377 540 dempto,
390 460 460 519 tum
475 452 514 518 dc
525 454 700 519 universali
716 453 880 518 hominum
893 453 1036 518 omnium
1052 453 1172 521 redem-

95 558 193 623 stione
204 556 330 623 Christi
337 558 461 623 merrtrs
470 556 611 645 perlecta
618 556 869 623 deterrerentur
876 558 982 637 Quam
989 556 1030 622 ob
1041 578 1171 624 causam

95 659 146 746 psi
161 664 268 742 magis
283 683 372 747 pam
391 660 579 725 sententiam
596 682 687 725 suam
709 680 825 726 vocare
847 681 889 725 ex
905 680 944 724 eo
963 679 1169 740 consuevere,

95 763 173 851 qnod
183 763 291 848 magis
308 763 482 828 catholicae
501 762 589 839 fidei,
604 785 662 828 seu
677 762 852 829 catholicae
868 763 997 829 veritati
1016 783 1171 851 congrue·

95 888 120 933 'e
136 867 231 932 illam
254 867 480 931 existimarint
496 869 575 931 Boni
596 868 728 954 proinde
746 867 806 932 zeli
826 867 941 933 ardore
961 868 1106 955 impulsi,
1125 869 1173 933 vi·

95 971 116 1037 ’ἰ
138 972 334 1058 ceteroquin
355 972 474 1058 pietate
491 992 528 1035 ac
543 971 688 1037 doctrina
710 973 894 1060 conspicui,
912 994 972 1059 pro
993 972 1104 1038 eadem
1119 973 1173 1038 de·

95 1076 300 1159 sertamnt3
292 1096 325 1139 m
348 1095 430 1161 quos
453 1096 493 1139 ue
508 1075 638 1141 minima
664 1074 795 1161 quidem
816 1074 911 1140 alieni
933 1074 1006 1139 finis
1030 1077 1173 1163 suspicio

95 1181 188 1245 euius
210 1178 355 1265 impulsu
376 1179 423 1242 ita
447 1199 480 1241 se
503 1179 678 1263 gesserint,
702 1177 816 1244 cadere
839 1186 965 1266 potest,
988 1180 1084 1243 immo
1107 1179 1175 1267 pie-

95 1282 203 1349 anlum
228 1282 312 1346 leret
335 1280 369 1346 id
383 1282 432 1347 sel
455 1281 567 1346 leviter
589 1282 726 1367 opinari.
752 1282 873 1347 Verum
896 1283 1068 1360 enimvero,
1096 1302 1172 1350 cum

95 1395 160 1473 post
191 1385 381 1451 diuturnam
408 1386 551 1471 plurium
585 1387 766 1451 srrrrlorum
793 1387 1062 1453 concertationem
1088 1408 1172 1452 com·

95 1498 220 1579 mum
247 1491 279 1554 in
296 1490 475 1576 praesentia
492 1491 556 1567 sit,
575 1491 653 1553 nihil
677 1511 803 1569 eorum,
827 1512 911 1576 quae
934 1492 996 1578 ipsi
1019 1491 1173 1558 vereban-

101 1602 166 1674 tar,
188 1616 264 1660 esse
288 1593 587 1679 pertimescendum3
612 1615 751 1680 cumque
774 1595 816 1658 sit
840 1594 1021 1661 luculenter
1042 1595 1170 1661 demon·

98 1704 242 1774 utum,
260 1717 365 1781 nequo
381 1695 487 1761 divina
514 1695 659 1781 eloquia,
684 1718 788 1782 neque
803 1698 914 1762 Patres
930 1697 1002 1783 piae
1025 1698 1173 1764 adversa·

96 1802 125 1867 ri
143 1802 348 1876 smtentiae,
370 1821 475 1887 neque
498 1800 564 1865 ullo
581 1808 673 1887 pacto
700 1801 855 1866 catholica
878 1799 1027 1887 dogmata
1057 1803 1170 1891 impeti

96 1914 151 1971 ut
168 1904 340 1993 quidpiam
365 1902 457 1985 laedi3
481 1903 577 1967 immo
600 1902 727 1967 demum
743 1924 816 1968 eum
841 1905 920 1968 satis
942 1906 977 1970 in
995 1907 1099 1972 oculis
1114 1928 1171 1996 po-

102 2008 193 2073 eitun
201 2007 258 2085 sit,
274 2005 471 2093 Scripturas,
480 2008 591 2071 Patres
604 2026 796 2092 sensumque
810 2007 1000 2074 universalis
1010 2010 1174 2077 Ecclesiae

104 2116 175 2177 tau
186 2111 305 2179 rateris
330 2119 398 2175 tum
420 2110 610 2175 recentioris
638 2130 701 2174 non
723 2110 891 2176 minimum
907 2112 1078 2199 suffragari
1099 2115 1172 2202 piae

100 2210 139 2279 ds
160 2212 368 2279 inmaculata
391 2213 516 2277 Mariae
535 2211 699 2298 Conceptu
726 2213 912 2292 sententiae,
933 2212 1084 2279 facillime
1103 2222 1172 2280 tan·

97 2314 163 2383 dam
175 2314 357 2402 colligitur,
373 2314 549 2400 theologice
566 2323 764 2401 argumenta,
782 2336 866 2402 quae
889 2334 949 2403 pro
969 2316 1172 2383 immunitate

96 2416 236 2507 Virginis
251 2418 435 2485 afferuntur
448 2441 485 2485 ea
501 2441 582 2496 esse,
599 2428 637 2485 ut
655 2441 723 2485 rem
739 2420 832 2507 plane
847 2419 1049 2486 concludant.
1074 2419 1169 2501 Quod

101 2528 190 2591 tuan
204 2524 248 2591 de
272 2523 385 2590 intima
408 2523 458 2588 rei
479 2523 614 2589 veritate
630 2544 686 2587 seu
711 2522 749 2589 de
772 2545 808 2589 re
831 2524 1004 2590 intrisecus
1025 2532 1167 2612 spectata

1258 554 1334 607 Nulla
1350 556 1408 605 tn

1224 625 1273 687 pett
1276 626 1406 685 tedre-

1225 694 1339 753 rlts'ritto
1347 692 1408 761 qua·

1224 776 1253 814 re
1265 767 1330 828 plam
1353 762 1407 817 dds

1250 836 1383 886 sdmtttant

1241 906 1389 957 sententiam

102 2626 410 2714 ulfintelligendum.
432 2629 513 2694 Nam
535 2627 621 2713 quod
645 2635 766 2714 spectat
792 2628 832 2694 ad
856 2629 1094 2708 certitudinem,
1117 2652 1169 2695 ra·
1245 2713 1250 2721 ⁶

96 2726 194 2805 ,hes
220 2752 306 2818 quas
321 2732 548 2816 congruentiae
564 2741 677 2797 socaut
696 2754 809 2819 parum
826 2731 1007 2811 conserunt,
1023 2752 1169 2819 praeser-

166 2856 243 2900 cum
266 2834 308 2900 de
322 2837 457 2901 veritate
482 2835 592 2920 egitur
607 2857 690 2923 quae
709 2838 887 2922 dogmatico
904 2836 1033 2903 decreto
1053 2837 1095 2903 sit
1115 2836 1170 2902 de

141 2936 149 2953 ⁶
188 2939 240 3004 da.
258 2937 310 3003 Ad
324 2938 398 3004 fidei
415 2939 500 3004 enim
520 2939 687 3004 veritatem
706 2940 910 3005 obtinendam
931 2960 1097 3007 necessum
1120 2950 1168 3005 est

97 3040 253 3107 atillaex
265 3042 413 3129 positivis
427 3043 640 3108 monumentis
656 3045 723 3108 sire
736 3043 960 3108 Bibliorum
936 3064 1002 3108 srre
1021 3044 1167 3110 traditio·

97 3140 158 3222 ἐὺ,
182 3155 241 3211 aut
263 3146 375 3211 saltem
397 3168 437 3211 ex
463 3147 661 3231 argumentis
683 3169 766 3233 quae
791 3145 959 3213 individuo
983 3170 1067 3213 nexu
1092 3168 1166 3213 cum

97 3236 160 3310 -llls
176 3249 430 3334 coniunguntur,
447 3248 539 3314 nohis
558 3270 616 3335 per
638 3249 811 3314 inerrabile
828 3250 991 3315 Ecclesiae
1006 3250 1165 3315 iudicium

97 3359 201 3429 certe
224 3359 358 3417 constet

422 3656 829 3733 CONCLUSIO

157 3882 203 3948 Ut
216 3900 268 3955 ea,
278 3898 362 3967 quae
374 3877 491 3943 fusiori
502 3877 656 3943 hactenus
669 3877 791 3943 calamo
803 3877 1022 3966 exposuimus,
1037 3878 1069 3940 in
1082 3881 1161 3972 peu-

97 3984 355 4063 '‘conseramus,
371 3992 468 4077 atque
491 4007 509 4049 e
533 3984 652 4072 sparsis
668 3984 725 4049 hac
743 3984 816 4050 illac
832 3983 1009 4050 seminibus
1021 3981 1164 4048 fructum

97 4100 134 4159 ttn
155 4087 339 4158 inuberem
362 4086 566 4181 colligamus,
590 4088 746 4175 quaedam
772 4090 969 4155 consectaria
999 4107 1082 4213 qnae
1111 4107 1166 4150 ex-

97 4199 145 4265 tda
175 4190 354 4259 manifeste
377 4192 497 4271 fluunt,
519 4192 590 4259 heic
610 4191 834 4258 subiiciemus
