2820 4890
41 466 165 548 Neque,
186 461 215 524 si
241 480 346 524 sermo
370 457 412 522 sit
436 457 475 521 de
499 480 534 521 re
558 462 592 523 io
612 459 786 535 obstructo,
807 467 842 523 ut
868 459 975 537 uinnt,
995 468 1136 545 spectata

44 570 126 634 circa
151 566 353 631 alterutrum
375 564 542 650 placitum,
567 564 686 651 aliquis
704 565 827 651 estqui
845 565 919 629 iure
942 564 975 628 id
999 564 1137 629 inficiari

47 673 155 762 possit,
168 691 248 735 cum
263 669 320 734 hoc
334 669 430 733 toties
444 668 566 733 romani
581 669 752 733 Pontilices
766 678 878 754 aperte
891 668 1136 734 declaraverint.

49 780 216 862 Quotquot
250 773 335 837 enirn
364 772 536 836 Pontifices
560 794 578 837 a
604 773 696 837 Sixto
721 774 765 838 lV
791 774 821 836 in
854 784 1022 859 posterum
1058 774 1139 838 Con·

52 879 234 960 stitutiones
258 875 317 940 hoc
334 874 373 939 de
393 883 584 961 argumento
608 873 792 953 ediderunt,
817 876 876 938 hae
900 896 1055 961 expressa
1078 874 1143 939 lor·

10 980 13 993 ²
53 984 129 1049 nula
157 981 216 1046 usi
240 987 426 1044 constanter
441 987 533 1043 sunt:
553 978 631 1044 Corn
648 980 685 1043 od
712 980 890 1067 dprrustolico
913 981 980 1043 sede
1003 981 1143 1044 reuredum

10 1034 29 1169 ἒ
54 1092 99 1155 loc
119 1090 225 1174 fuerit
250 1087 397 1161 teatrum,
420 1086 469 1150 vel
494 1085 558 1149 alia
581 1086 753 1164 eiusmodi,
779 1107 843 1168 qua
868 1086 960 1171 plane
983 1085 1144 1171 significa·

56 1202 98 1259 tur
112 1212 217 1279 posse
234 1210 383 1255 romanos
399 1189 583 1268 Pontifices,
596 1208 680 1255 cum·
691 1191 722 1254 id
740 1191 895 1278 expedire
912 1187 1142 1269 iudicaverint,

55 1297 231 1384 dogmatice
259 1314 328 1358 rem
361 1293 443 1357 hanc
474 1293 620 1360 delinire.
646 1293 892 1359 Controversiae
923 1293 1028 1378 igitur
1047 1295 1146 1361 cardo

59 1403 140 1467 ineo
165 1401 330 1477 vertitur,
348 1406 461 1463 utrum
485 1399 537 1486 pia
563 1399 721 1463 sententia
750 1400 852 1486 possit
875 1398 916 1463 ab
940 1399 1085 1465 Ecclesia
1111 1402 1146 1467 iu

64 1518 201 1585 anneto,
231 1513 270 1568 nt
296 1504 488 1592 loquuntur,
514 1502 660 1583 deliniri,
685 1515 717 1568 et
741 1504 874 1592 quidem
897 1504 977 1592 quin
1007 1505 1146 1591 longiori

33 1640 36 1645 ·
69 1612 198 1675 nmine
227 1631 265 1673 ae
288 1608 490 1673 discussione
513 1629 597 1695 opus
613 1610 667 1688 sit,
684 1617 798 1696 utpote
823 1611 901 1675 satis
918 1610 958 1674 ad
982 1609 1146 1696 liquidum

63 1715 232 1803 explorata,
247 1719 345 1800 atque
358 1711 539 1777 ournimoda
552 1720 701 1777 constans
714 1713 926 1777 certitudine:
943 1712 977 1778 id
990 1713 1078 1800 quod
1093 1734 1147 1779 vo-

59 1830 118 1885 not
136 1823 295 1908 prooeime
321 1818 484 1906 definibilo.
515 1819 589 1896 Quo
612 1817 744 1905 quidem
767 1817 1013 1884 discriminatur
1043 1817 1084 1884 ab
1107 1842 1145 1885 ea
1231 1868 1345 1934 Qum
1366 1806 1392 1917 ⁸.

58 1923 245 1990 delinitione
268 1942 352 2007 quae
376 1921 482 1985 adhuc
505 1920 718 2008 inquisitione
734 1932 818 2008 eget,
835 1923 957 2010 qnippe
980 1945 1055 1989 cum
1080 1944 1146 2005 res,
1196 1939 1378 2010 proxumum

56 2054 110 2119 qua
134 2030 179 2096 de
204 2029 329 2114 agitur,
354 2028 478 2092 incerta
494 2027 611 2106 adhuc,
629 2034 662 2092 et
683 2027 784 2093 dubia
801 2028 1006 2116 obscuraque
1023 2051 1149 2116 penna-
1197 2007 1380 2134 'wffl'

56 2146 144 2201 ucat:
172 2133 210 2199 id
228 2130 318 2220 quod
333 2130 373 2196 ab
394 2131 510 2196 iisdem
525 2144 639 2197 remote
656 2132 806 2220 definibile
822 2141 1043 2220 nuncupatur.
1061 2135 1150 2213 Quo·

56 2242 136 2307 circa
161 2239 201 2304 in
225 2236 357 2302 illorum
380 2235 603 2321 theologorum
631 2238 808 2315 sententia,
826 2237 884 2323 qui
904 2243 1013 2301 tenent
1039 2238 1150 2303 imma-

55 2324 201 2411 culatum
227 2341 375 2428 Virginis
390 2341 590 2427 conceptum
602 2348 747 2429 proxime
775 2342 956 2430 definibilom
980 2364 1065 2422 csse,
1095 2365 1151 2409 ue-

61 2452 189 2519 motas
221 2446 413 2513 excluditur
436 2453 493 2513 out
517 2447 654 2514 Consilii
681 2449 893 2526 oecumenici,
918 2458 976 2514 aut
999 2449 1150 2516 solemnis

71 2554 192 2623 natus
218 2552 444 2639 inquisitionis
467 2551 508 2617 ud
531 2551 707 2616 articulum
731 2551 818 2616 huuc
841 2550 1070 2619 deliniendum.

131 2663 258 2728 Plures
271 2679 369 2745 porro
381 2656 471 2744 iique
484 2656 667 2743 grauissimi
680 2663 830 2721 auctores
842 2657 889 2721 ita
902 2657 1056 2738 sentiunt,
1069 2678 1153 2747 quos
1216 2692 1306 2744 popum
1316 2705 1369 2756 m

64 2766 138 2834 iuter
161 2766 312 2833 eminent
334 2761 526 2827 Ambrosius
550 2761 746 2828 Catharinus
767 2757 828 2850 (1),
851 2762 938 2829 card.
961 2763 1093 2830 Toletns
1109 2759 1154 2852 (2)
1217 2776 1371 2829 testum·

64 2894 95 2939 ω
109 2870 335 2940 Bellarminus
352 2866 406 2955 (3),
427 2868 604 2934 Suarezius
617 2863 672 2955 (4),
689 2868 893 2956 vasquezius
907 2867 962 2957 (5),
975 2870 1155 2958 Gregorius
1216 2838 1373 2957 222?ssssss

67 3230 221 3280 minatum
235 3227 305 3287 volo,
315 3226 359 3291 qni
376 3225 401 3277 io
419 3225 522 3289 egregio
534 3239 581 3276 sno
677 3221 711 3289 15)-
730 3229 763 3277 [11
776 3232 845 3290 patet
857 3241 888 3276 ex
906 3225 1152 3279 dementatione

10 3298 15 3317 '
66 3312 228 3375 opusenlode
240 3311 400 3361 immaculata
410 3310 581 3372 conceptione
634 3324 680 3360 seu
694 3308 758 3363 Voto
771 3312 838 3375 quod
859 3312 928 3362 dedit
940 3312 1010 3362 eard.
1021 3312 1152 3363 ltellarrui·

10 3434 15 3463 p
68 3398 239 3462 mtmtbm
255 3397 327 3447 annis
339 3397 434 3447 Romae
446 3395 516 3445 edito
527 3394 581 3446 ter·
633 3409 682 3446 nus
701 3397 726 3446 in
747 3397 945 3460 congregatione
964 3410 1015 3447 sac.
1034 3398 1153 3464 inquisit.

11 3496 14 3501 ·
68 3491 121 3531 tus
139 3478 302 3531 daideriuso
325 3478 517 3542 suumprolrao
534 3476 581 3528 de-
633 3478 804 3528 cardinalium
815 3479 898 3528 habita
912 3478 961 3527 sub
970 3480 1051 3530 Paulo
1065 3481 1097 3530 V.
1107 3493 1150 3529 sn.

10 3610 15 3625 ι
69 3564 177 3616 hittone
193 3562 340 3626 dogmatica
352 3557 487 3626 patefacit:
497 3560 538 3611 Cl.
554 3576 584 3612 e·
637 3558 705 3614 1617
716 3562 757 3614 die
769 3558 797 3614 31
822 3563 940 3627 augusti:
960 3564 1031 3627 quod
1049 3564 1154 3628 quidem

71 3646 253 3700 unmuzon
266 3640 582 3712 oeoooaeat'troioeno
635 3647 957 3711 euautographoeinsdem
967 3648 1151 3698 cardinalisde·

73 3744 135 3785 mss
147 3726 234 3786 1815.
638 3732 718 3781 tntum
737 3736 775 3780 est
788 3732 819 3781 ad
832 3732 975 3796 Philippum
989 3734 1026 3784 tv
1046 3732 1152 3796 Hispan.

100 3810 587 3884 ttlbisputotioprooort'tutst'mmo
640 3815 922 3879 norcomannorum
932 3816 999 3866 intra
1008 3815 1154 3867 afferemus.

78 3898 170 3954 Qu
193 3896 382 3967 conceptionis
410 3894 445 3948 B.
471 3894 588 3966 Virginis
687 3893 722 3965 (4)
739 3899 769 3948 lu
786 3893 812 3951 3.
834 3901 893 3951 Par.
913 3902 988 3952 Tem.
1006 3903 1031 3951 11
1043 3900 1106 3964 disp.
1125 3893 1152 3951 3.

82 3976 274 4038 toloneariis
294 3974 374 4034 1532·
390 3982 435 4032 lib.
454 3977 479 4034 ὅ.
640 3990 699 4034 sect.
713 3979 739 4033 6.

103 4062 301 4136 (otmunt.
319 4067 345 4116 n
366 4061 384 4118 3
402 4066 587 4118 nostrone
674 4063 711 4133 (5)
730 4071 757 4118 ιιι
770 4064 796 4121 3.
811 4071 867 4121 ear.
880 4070 954 4121 ron.
967 4070 992 4120 n
1015 4069 1079 4134 asso.
1094 4062 1153 4122 117.

81 4146 215 4213 nunt?
233 4146 296 4205 cml
313 4145 369 4204 et2
384 4152 514 4219 quodcgo
531 4165 590 4202 mss.
643 4168 698 4217 oop,
711 4154 758 4203 uto.

10 4234 133 4307 tn·-
