2828 4904
87 863 172 915 lttatto
198 873 230 911 ex

84 933 226 999 praemissis

81 1006 242 1057 animadver-

107 1076 219 1128 sionibus

299 455 370 499 esse
392 431 557 500 obiectum
579 433 808 514 venerationis,
833 423 900 501 seu*
915 434 1037 511 cultus,
1059 433 1197 522 hincque
1210 435 1333 519 satiata..
1358 488 1360 497 Α

298 540 364 609 cidi
388 562 458 607 eam
479 539 513 603 in
537 539 642 624 gratia
665 537 769 608 luisse
793 549 994 628 conceptam3
1023 541 1113 627 quod
1136 543 1284 607 summust
1349 588 1352 599 ,

222 640 241 737 ᾗ
299 645 450 713 Pontifex
472 644 560 732 patri
594 644 802 711 pallavicini«)
825 668 844 711 e
867 645 939 712 Soc.
966 646 1053 724 lesu,
1078 647 1138 733 qui
1160 646 1228 713 dein
1247 648 1271 712 in
1347 674 1360 736 t

143 762 148 780 ¹
236 742 240 757 ³
300 752 459 819 dinalium
480 772 654 816 numerum
677 750 743 816 luit
759 751 916 830 adscitus,
934 752 1068 837 saepius
1092 760 1224 818 testatus
1248 756 1302 838 astt
1347 758 1360 817 t

314 904 320 913 -
389 858 489 922 Deest
510 855 614 940 igitur
636 853 883 921 fundamentum
907 857 1135 943 praecipuum,
1160 857 1195 922 in
1214 879 1267 944 qno
1303 857 1308 870 '
1358 884 1360 924 1

302 959 481 1024 sententiae
511 959 641 1045 patroni
663 958 729 1024 rim
752 956 951 1024 collocabant
974 959 1161 1038 maximam,
1184 958 1255 1023 desa
1349 984 1360 1027 ‚u

302 1085 346 1128 ex
367 1063 474 1142 cultu,
497 1084 556 1128 seu
577 1085 618 1128 ex
642 1063 695 1128 die
719 1064 947 1150 conceptionis
964 1062 1059 1141 festo,
1084 1072 1143 1129 ant
1167 1064 1265 1130 saltem
1356 1100 1360 1127 t

299 1169 464 1258 lahatqne.
499 1170 582 1236 Cum
604 1169 739 1258 proinde
775 1170 891 1234 sileant
913 1170 954 1235 de
983 1171 1044 1235 hoc
1072 1170 1240 1257 privilegio
1266 1180 1334 1259 aq

301 1274 449 1354 litterae,
482 1273 576 1340 sileat
599 1281 632 1339 et
655 1274 810 1352 traditio,
835 1274 1005 1361 eidemque
1029 1295 1094 1339 non
1122 1266 1327 1361 admodum*

299 1379 448 1465 lragctur
464 1379 629 1445 Ecclesiae
653 1379 848 1458 auotoritas,
874 1387 1035 1466 superest,
1061 1387 1098 1444 ut
1115 1381 1211 1444 unice
1227 1377 1326 1443 innith'

300 1484 531 1572 congruentiae
555 1505 614 1550 scu
629 1483 807 1562 decentiae,
825 1505 923 1571 quam
938 1494 1063 1564 vocant,
1090 1485 1269 1549 rationibus.
1308 1490 1334 1543 a·
1357 1488 1360 1494 '

391 1590 537 1656 lamvero
559 1610 788 1677 quaecumque
811 1589 941 1655 demum
959 1590 1019 1654 hae
1043 1580 1354 1678 sint,proleoton1'3s

302 1715 400 1782 qnam
415 1714 474 1782 per
490 1716 524 1758 se
546 1695 660 1760 efficax
682 1695 842 1780 praebere
858 1703 1087 1781 argumentum
1110 1701 1243 1782 possunt
1259 1684 1360 1771 aba

300 1800 469 1886 gmaticam
494 1798 648 1865 edendam
672 1799 906 1878 definitionem,
931 1821 1016 1887 qnae
1046 1799 1177 1865 divinae
1199 1786 1329 1864 revolatis&

300 1904 430 1969 omnino
451 1903 614 1969 innitatur
635 1925 767 1969 necasse
789 1910 849 1969 est.
872 1904 936 1969 Sed
959 1913 1128 1990 praeterea
1152 1926 1190 1969 en
1211 1902 1328 1968 suana

302 2000 393 2074 mine
413 2008 472 2074 hae
497 2009 677 2088 labascunt,
702 2008 791 2096 quod
807 2031 865 2075 nos
888 2009 1054 2074 decentiae
1078 2029 1138 2075 seu
1162 1997 1360 2094 congruerint*

300 2115 433 2180 modum
455 2123 489 2178 et
511 2113 648 2200 gradum
665 2115 775 2200 potins
791 2135 833 2179 ex
849 2114 902 2192 iis,
919 2134 1004 2200 qnae
1021 2114 1121 2177 menti
1145 2121 1263 2178 nostrae
1277 2098 1360 2303 dtdp

240 2304 244 2313 Ι
300 2225 457 2302 augustae
489 2224 667 2303 apparent,
690 2238 789 2303 qnam
812 2239 854 2281 ex
889 2216 998 2282 divina
1021 2224 1128 2281 menta
1158 2223 1191 2281 et
1220 2203 1326 2302 sapisti

89 2425 231 2477 Elevantur

87 2505 236 2558 arguracnta

69 2581 101 2616 es
110 2580 251 2630 congruen-

80 2639 114 2685 tta
128 2640 238 2690 deducta

100 2799 227 2851 veritates

80 2882 125 2918 seu
136 2872 238 2936 regulae

81 2953 96 2989 a
109 2939 238 2991 ttersonto

87 3014 231 3076 propositae

301 2342 338 2386 aa
361 2321 411 2387 rei
427 2320 533 2409 ipsius
556 2321 694 2386 veritate
717 2320 937 2386 dimetiamur.
1316 2334 1324 2365 ⁴
1355 2316 1360 2337 ⁴

389 2423 427 2491 ld
449 2425 536 2495 enim
551 2425 632 2490 scite
654 2424 779 2490 iamdiu
795 2425 1066 2491 animadverterat
1085 2445 1122 2490 ac
1138 2416 1331 2513 peracutela·

300 2529 424 2608 sanius,
449 2530 507 2616 qui
531 2530 619 2594 inter
641 2537 768 2594 ceteros
791 2538 824 2593 ct
846 2528 905 2594 hos
928 2551 1066 2595 canones
1091 2529 1131 2595 ad
1154 2551 1226 2595 rem
1248 2530 1338 2594 nostrss

301 2633 484 2699 coustituit:
500 2657 514 2692 α
542 2633 695 2698 Christus
718 2632 829 2719 posuit
853 2633 1007 2697 terminos
1030 2641 1160 2697 nostrae
1184 2622 1343 2719 cognitionis

302 2747 339 2802 ut
364 2758 427 2801 non
452 2737 548 2802 liceat
563 2737 602 2803 de
619 2737 739 2802 divinis
756 2738 819 2802 alia
835 2736 886 2803 vel
902 2738 997 2801 alitor
1013 2759 1171 2816 asserere,
1192 2759 1286 2824 quam
1298 2743 1347 2821 qt*

300 2842 420 2907 divinis
445 2841 626 2931 Scripturis
650 2842 834 2922 habentur,
858 2842 909 2909 vel
932 2841 1099 2908 evidenter
1127 2842 1353 2908 concluduntur

301 2949 349 3014 val
374 2946 415 3012 ab
438 2948 608 3026 Ecclesia,
634 2970 718 3034 quae
751 2948 876 3035 Spiritu
902 2947 1019 3012 Sancto
1054 2949 1208 3033 regitur,
1234 2937 1355 3012 credend

300 3054 477 3119 traduntur
496 3051 538 3140 (2)
556 3077 583 3117 a.
602 3055 693 3118 ltem:
709 3079 724 3112 n
743 3054 894 3118 Christus
911 3053 1049 3117 contulit
1065 3053 1166 3118 Matri
1180 3076 1260 3119 suae
1277 3052 1312 3116 ab
1323 3045 1358 3114 ut

300 3161 346 3224 tio
369 3168 402 3222 ct
425 3167 661 3246 consequenter
684 3157 756 3222 illas
780 3167 813 3221 et
837 3167 941 3227 tantas
965 3157 1102 3243 gratias,
1128 3180 1211 3243 quas
1236 3166 1269 3223 et
1289 3173 1358 3243 quat·

299 3274 349 3328 tas
376 3263 526 3346 cognovit
561 3284 631 3327 csse
666 3263 892 3328 convenientes
928 3262 1106 3326 secundum
1141 3263 1288 3325 ordinem
1310 3274 1360 3323 snat

301 3366 491 3454 sapientiae:
508 3374 540 3431 et
557 3366 591 3430 in
607 3364 667 3430 hac
682 3365 831 3432 veritatis
848 3364 1010 3431 soliditate
1026 3365 1122 3432 debet
1133 3387 1206 3430 esse
1222 3371 1360 3432 contentu

341 3644 376 3715 (t)
386 3651 414 3698 tn
425 3651 518 3714 Opusc.
531 3651 574 3700 cit.
586 3664 642 3714 cap.
653 3642 680 3700 2.
700 3651 726 3703 st
740 3656 824 3701 tamea
876 3647 958 3702 verba
977 3647 1074 3701 cantici
1094 3643 1222 3699 Mariae:
1249 3652 1360 3699 sascsut

298 3735 450 3798 opuscutnm
459 3735 508 3783 hoc
518 3735 594 3799 ipsius
604 3741 642 3788 est
656 3735 748 3786 tostus.
872 3747 981 3787 rsraaa
995 3728 1119 3784 rusiam
1134 3744 1231 3782 suun.
1242 3746 1281 3784 us·
1294 3737 1360 3782 susa

335 3805 373 3882 ’(2)
384 3820 413 3866 tn
423 3818 494 3880 epist.
504 3831 570 3882 quaa
578 3824 646 3868 extat
656 3819 680 3868 tn
689 3835 747 3883 opp.
758 3819 819 3870 Ger·
875 3831 984 3870 arrosa
1011 3827 1149 3867 caarsrr.
1176 3812 1360 3884 stteqoraea

298 3900 364 3952 sonii
384 3902 441 3952 Par.
451 3901 463 3950 l
473 3903 522 3952 col.
542 3897 595 3953 450
611 3903 672 3953 adit.
684 3904 761 3954 Etttes
779 3905 821 3953 Du
874 3899 932 3954 XX
932 3898 950 3953 Ι
957 3898 978 3953 V
994 3897 1122 3953 Veritates
1134 3914 1140 3946 :
1153 3897 1360 3966 tropologicam

298 3992 356 4041 Pin·
366 3991 528 4054 antuerpiae
539 3985 608 4042 1706
619 3997 645 4039 et
657 3991 803 4039 inscribitur
813 4009 820 4039 z
874 3990 899 4039 et
909 3986 1056 4055 anagogice
1064 3999 1113 4054 per
1126 3981 1192 4036 XII
1206 3979 1360 4039 Versata-t

303 4059 443 4125 Tractentur
455 4071 624 4141 usurpante
642 4071 683 4123 la·
696 4067 719 4126 G
722 4072 821 4124 arsaaii
873 4085 950 4135 quam
967 4071 1008 4120 hio
1030 4072 1111 4132 primo
1129 4070 1187 4119 loco
1207 4071 1360 4129 attulimus,a

300 4154 444 4209 auctorita
451 4154 605 4208 canceltarii
610 4155 777 4223 parisiensis,
783 4155 821 4208 ad
874 4157 969 4207 raritas
986 4153 1217 4221 vigesimaquarta
1227 4155 1281 4205 ont.
1293 4145 1345 4203 453.

302 4235 501 4294 Prouincialem
515 4238 729 4295 Caatsstt'aoram
741 4254 821 4311 saper
