2820 4890
635 295 639 302 ’
729 323 935 396 -mo-

613 534 1053 600 attenuando.

693 739 858 803 Beatissimo
880 743 967 804 Pater

1281 793 1285 800 '
1393 789 1404 848 i

371 943 508 1006 loannes
529 942 653 1008 Paulus
675 945 792 1010 Pastor
813 943 856 1010 de
872 944 946 1008 Pini
965 943 1260 1028 archiepiscopus
1282 928 1400 1013 dna
1395 1010 1404 1053 η

281 1061 379 1109 senus
394 1042 653 1109 administrator
678 1048 883 1130 apostolicus
897 1047 1066 1110 Dioecesis
1090 1046 1402 1139 Lugdunensis
1333 1051 1366 1115 ad

282 1129 385 1231 pedes
402 1146 594 1210 sanctitatis
607 1150 743 1211 Vestrae
756 1148 930 1213 humiliter
947 1149 1156 1231 provolutus
1171 1154 1257 1214 Eam
1272 1146 1404 1259 deprclj

281 1256 378 1314 catur
389 1257 553 1332 quatenus
574 1249 608 1313 in
623 1250 832 1316 Praefatione
847 1252 964 1318 Missae
979 1267 1042 1336 pro
1064 1246 1167 1317 Festo
1187 1228 1404 1339 conceptio

280 1353 332 1417 nis
347 1357 465 1417 Bcatac
482 1353 628 1437 Virginis
651 1355 772 1418 Mariae
795 1353 967 1418 verbum
980 1354 1210 1418 Immaculata
1187 1359 1260 1422 in
1275 1365 1364 1422 cuncta

281 1454 453 1540 praedicta
469 1456 681 1541 Lugdunensi
691 1456 844 1523 Dioecesi
856 1456 936 1522 addi
949 1475 1043 1540 posse
1055 1456 1213 1542 henigne
1232 1459 1404 1537 concedat

281 1555 325 1622 ad
340 1557 443 1622 instar
456 1557 574 1623 similis
596 1557 818 1623 concessionis
843 1576 905 1644 pro
933 1558 1085 1624 Dioecesi
1108 1561 1325 1647 Hispalensi'
1319 1583 1369 1628 ran

281 1658 497 1734 aSanctitate
523 1663 642 1726 Vestra
670 1661 872 1745 impertitae.
896 1662 1008 1742 Quare
1033 1679 1083 1724 ec.

370 1765 418 1826 Ex
440 1761 612 1827 audientia
634 1762 837 1828 sanctissimi
860 1761 916 1828 die
938 1759 1013 1828 11
1003 1763 1149 1829 ianuarii
1174 1762 1277 1832 1838.

372 1862 601 1928 sanctissimus
628 1862 670 1928 de
697 1863 834 1947 speciali
854 1864 959 1948 gratia
987 1862 1134 1950 henigne
1150 1871 1277 1934 annuit
1298 1869 1369 1935 iuria
1397 1934 1403 1979 Ι

283 1984 400 2050 preces
424 1964 681 2048 archiepiscopi
707 1966 853 2030 Oratoris
868 1984 934 2031 non
960 1964 1367 2045 solum‚sedet1am0ra

283 2066 358 2130 caio
383 2067 473 2132 vivae
498 2067 587 2130 vocis
613 2067 796 2150 expressit,
812 2074 863 2132 ut
893 2067 1045 2134 omnibus
1067 2070 1275 2157 petentibus
1295 2073 1404 2178 idem

282 2169 501 2235 indultumin
523 2175 695 2271 posterum
722 2170 969 2239 concedatur.

383 2377 419 2440 G.
443 2377 487 2442 M.
509 2375 694 2463 Episcopus
720 2377 950 2443 Praenestinus
974 2376 1069 2444 Gard.
1094 2377 1293 2449 Pediciaiua
1393 2338 1404 2487 ς

633 2482 664 2544 S.
688 2481 728 2545 a.
754 2481 791 2546 C.
813 2481 1017 2548 Praefectus.
1393 2528 1404 2591 p

567 2685 867 2753 EPISCOPORUM
901 2687 1087 2755 attalam
1131 2772 1135 2779 Ι

367 2894 413 2958 Ut
440 2891 585 2978 primum
610 2891 651 2956 ad
683 2910 779 2957 aures
809 2893 961 2978 pervenit
995 2895 1354 2976 reverendissimi.....
1390 2952 1404 2996 3

278 2995 437 3081 Episcopi
464 2994 506 3060 de
528 2995 629 3060 huius
654 2998 791 3060 Sanctae
809 2996 1139 3082 apostolicaeSedis
1162 2997 1355 3085 benignitate
1388 3056 1404 3099 Ε

276 3100 454 3164 nonnullas
469 3102 501 3163 ia
519 3101 625 3166 Gallia
637 3100 1036 3184 Dioecesesumpliorihus
1050 3101 1359 3169 cohonescamstaia
1388 3155 1404 3196 τ

277 3223 313 3269 sc
344 3203 526 3286 privilegiis
551 3205 587 3266 in
617 3201 823 3267 instituendo
853 3206 953 3268 Festo
985 3204 1226 3287 conceptionis
1257 3208 1358 3270 aecae
1388 3258 1404 3297 ,ὲ

277 3307 399 3372 Mariae
423 3305 590 3389 Virginis,
625 3305 796 3388 pastoralis
821 3305 881 3368 sui·
898 3306 1045 3370 muneris
1066 3325 1137 3370 esse
1167 3306 1266 3373 duxit
1292 3311 1357 3371 Saa-

276 3409 458 3473 ctissimum
475 3408 652 3472 Dominum
668 3408 826 3472 Nostrum
842 3408 1038 3492 Gregorinm
1069 3409 1147 3473 XVI
1175 3409 1357 3475 Pontificem
1389 3444 1404 3502 Ε·

277 3511 453 3576 Maximum
467 3511 663 3577 humillimis
678 3510 771 3576 adire
787 3510 951 3597 precibus,
964 3511 1129 3595 enixeque
1142 3511 1320 3599 efflagitare
1330 3515 1358 3575 ut
1390 3560 1404 3606 Ι

276 3615 423 3681 adsuam
441 3616 539 3678 ctiam
557 3662 665 3677 .....
694 3612 881 3677 Dioccesim
901 3611 1093 3677 eorumdem
1119 3614 1358 3700 privilegiorum
1391 3646 1404 3709 p

277 3718 502 3783 extensionem
527 3717 635 3780 facere
658 3715 815 3800 dignetur
838 3722 875 3779 ut
889 3715 955 3780 sibi
976 3717 1140 3780 commissi
1165 3714 1294 3797 fideles,
1310 3712 1354 3799 qui
1393 3748 1403 3806 ².

277 3822 440 3906 peculiari
465 3820 599 3903 pietatis
621 3818 741 3883 affecta
767 3818 989 3882 Beatissimam
1008 3817 1180 3904 Virginem
1202 3816 1351 3885 sincicha
1393 3846 1404 3908 Ξ

278 3930 474 4007 conceptam
491 3928 736 4005 prosequuntur
747 3971 755 4000 ,
767 3939 806 3985 ex
821 3919 882 3983 hac
905 3920 976 4004 ipsa
986 3921 1197 3984 solemnitate
1217 3920 1356 3987 uberiora

277 4024 463 4108 percipiant
484 4022 671 4106 spiritualia
695 4023 927 4086 emolumenta.
951 4018 1149 4086 Huiusmodi
1175 4021 1357 4105 precibusa
1394 4070 1404 4111 Ι

278 4125 459 4190 Sanctitate
471 4143 529 4188 sua
539 4123 722 4191 clementer
734 4124 890 4207 exceptis,
908 4122 1071 4187 referente
1086 4141 1139 4186 me
1155 4121 1358 4202 infrascripto
1395 4170 1404 4211 Ι

261 4246 446 4296 sacrorum
474 4230 612 4294 Rituum
637 4226 909 4312 congregationis
935 4225 1135 4309 secretario,
1162 4224 1205 4292 dc
1232 4218 1355 4313 speciali
1395 4274 1404 4311 ,
