2828 4904
757 325 945 396 -182-

308 445 491 512 Paracletus
514 456 619 512 eutem
651 443 790 535 Spiritus
824 449 986 527 Sanetus,
1010 473 1100 537 quem
1122 457 1223 518 mittet
1247 451 1341 518 Peter
1360 461 1383 520 ln

306 556 429 616 nomine
451 573 528 627 meo,
552 554 606 616 ttte
628 574 683 617 cos
699 553 817 624 docebit
832 560 949 632 omnia,
967 567 995 619 et
1012 570 1155 641 ruqqeret
1178 558 1266 623 vobs
1281 566 1384 637 meio,

299 676 515 744 quoecumque
538 658 648 724 dicero
664 658 759 725 eobo.
784 661 878 724 lluno
894 660 1003 746 ipsum
1027 662 1095 754 iam¹
1115 673 1292 729 vocaverat
1309 665 1384 731 Clui-

305 769 376 826 stus
393 760 515 826 ibidem
530 762 687 850 Splrr'tum
705 769 862 841 veritatis,
876 778 912 829 ut
927 780 1053 831 moneat
1075 767 1248 846 volucrem,
1263 769 1383 856 inquit,

304 872 339 931 ln
363 880 534 932 oeternum.
559 868 601 932 Et
617 891 645 932 c.
672 864 799 947 16,11.
826 867 880 934 13.
905 870 983 934 item
1007 867 1181 957 discipulis
1206 872 1281 939 suis
1305 873 1384 937 dixit

303 971 415 1038 Adbuc
441 976 543 1040 multo
567 973 662 1039 tabeo
685 973 770 1039 vobis
794 976 892 1038 dicere
912 999 921 1037 :
944 976 998 1039 sed
1023 999 1087 1040 eon
1105 983 1238 1062 potestte
1266 990 1384 1065 portare

295 1075 402 1139 modo.
435 1074 513 1142 Cum
529 1089 633 1141 autem
648 1081 768 1141 venerit
789 1078 842 1141 ille
868 1075 1007 1163 Spiritus
1033 1083 1189 1156 veritates,
1208 1079 1331 1144 docebit
1343 1103 1383 1146 oet

298 1201 422 1244 omnem
433 1186 605 1247 ceritatem.
621 1180 679 1244 llis
691 1180 829 1266 aliisque
843 1180 1134 1266 pollicitationibus
1144 1182 1302 1249 Ecclesia
1316 1181 1383 1249 futu

304 1281 392 1348 baud
409 1282 572 1350 dubitavit
587 1284 699 1371 plures
714 1284 867 1348 dirimere
885 1284 1121 1351 controversias
1138 1284 1323 1355 identidem
1343 1311 1381 1353 er

296 1396 403 1468 ortas,
427 1389 574 1475 quamvis
598 1390 761 1475 conceptis
786 1388 895 1454 verbis
911 1388 1062 1454 delinitae
1078 1390 1239 1457 veritates
1255 1392 1291 1458 in
1313 1393 1378 1459 Scri

303 1503 400 1581 ptura
424 1502 482 1560 aut
514 1494 688 1561 traditione
718 1515 880 1580 nusquam
910 1494 1174 1580 reperirentur‚''
1195 1519 1308 1584 ireque
1323 1558 1326 1563 .
1340 1497 1381 1563 ite

296 1597 423 1683 physice
440 1607 497 1662 ant
512 1598 716 1686 roetopltyst‘ce
731 1597 862 1663 evidens
878 1619 983 1663 nexus
998 1619 1074 1663 cum
1090 1597 1144 1676 iis,
1157 1621 1249 1686 quae
1268 1622 1382 1690 expres

302 1712 429 1767 essunt
446 1703 602 1780 revelata,
626 1711 799 1768 constaret.

297 1842 299 1846 ·
390 1807 433 1871 Et
455 1806 606 1894 quidem,
630 1806 665 1871 hi
687 1814 829 1893 pergunt
855 1815 1024 1886 auctores,
1050 1829 1171 1874 numne
1196 1811 1320 1892 semel,
1339 1833 1381 1879 tr

299 1916 429 1997 tequam
453 1911 563 1999 aliqua
586 1933 626 1976 en
654 1911 815 1976 eiusmodi
839 1910 1032 1977 veritatibus
1060 1911 1250 1999 dogmatice
1272 1915 1314 1982 ab
1333 1917 1379 1983 Et·

295 2014 393 2080 olesia
417 2015 626 2095 definiretur,
652 2016 702 2080 vel
725 2017 810 2082 inter
838 2016 924 2104 ipsos
948 2015 1097 2083 doctores
1124 2018 1310 2087 catholicos
1329 2042 1377 2087 nt·

296 2117 403 2183 ximae
427 2117 611 2183 dubietates
626 2128 717 2183 ortae
734 2128 810 2184 sunt
830 2142 867 2185 ao
892 2141 1004 2206 graves
1021 2118 1080 2184 diu
1104 2120 1281 2189 incaluere
1297 2145 1374 2212 quu-

295 2217 448 2289 stiones?
471 2225 521 2289 Ex
541 2244 608 2310 quo
632 2246 708 2289 sane
731 2236 880 2312 apertum
903 2226 956 2304 tit,
986 2225 1139 2291 veritates
1164 2227 1245 2294 illas
1275 2228 1368 2294 norro¹
1401 2282 1403 2287 .

295 2327 516 2417 metaphysica
541 2337 599 2394 aut
615 2329 749 2418 physica
769 2329 1009 2395 consecutionis
1028 2329 1192 2397 evidentia
1221 2332 1357 2401 affulsit
1392 2372 1403 2443 l

295 2432 334 2498 ld
357 2455 477 2521 porro‚·
501 2434 620 2499 ceteris
644 2433 801 2521 exemplis
824 2435 968 2512 omissis,
995 2435 1263 2504 luculentissime
1288 2435 1356 2504 vilse
1391 2448 1403 2533 {a

296 2549 347 2602 est
375 2537 408 2601 in
432 2539 653 2604 controversia
684 2537 723 2603 de
748 2538 907 2602 librorum
942 2539 1127 2603 divinorum
1154 2547 1360 2615 canonistas,
1390 2579 1403 2641 Ἧι

296 2658 394 2728 quom
410 2653 540 2726 vocant3
556 2644 703 2725 omnium
720 2642 844 2708 scilicet
868 2643 998 2707 illorum
1021 2644 1080 2730 qui
1101 2643 1208 2710 divini
1229 2647 1359 2712 habento
1390 2638 1393 2643 ’

296 2755 367 2833 tum
393 2748 512 2812 veteris
541 2755 610 2812 tum
637 2748 711 2813 novi
734 2746 945 2825 Testamenti,
977 2770 1059 2833 quos
1090 2750 1357 2817 deuterocanou'ott
1392 2808 1403 2827 ,

292 2850 469 2938 appellant.
494 2853 542 2917 De
574 2851 690 2918 horum
714 2852 799 2915 enim
831 2851 996 2938 plerisque
1024 2852 1112 2916 nulla
1143 2854 1368 2922 inlicitorum
1388 2889 1403 2897 -

296 2962 409 3040 aperta
433 2956 500 3022 sive
523 2956 620 3021 tacita
643 2956 764 3021 montio
788 2957 821 3020 in
845 2955 938 3020 libris
962 2956 1021 3042 qui
1039 2966 1286 3042 protocanorics'
1303 2977 1353 3023 nun·

295 3065 469 3143 eupantur.
484 3058 567 3124 Dein
585 3060 738 3146 temporis
756 3080 909 3124 successu
925 3058 1153 3124 deficientibus
1168 3058 1352 3128 monumentis

221 3214 225 3220 .
295 3161 427 3226 traditio
440 3163 472 3227 in
484 3162 652 3249 aliquibus
668 3163 813 3230 ecelesiis
829 3164 951 3228 incerta
965 3184 1002 3227 ac
1020 3161 1227 3271 subobscura
1239 3183 1351 3253 pernat-

296 3264 361 3342 sit‚
387 3266 467 3333 adeo
491 3276 528 3332 ut
550 3267 650 3356 paulo
672 3277 747 3334 ante
771 3268 979 3333 tridentinam
1003 3267 1170 3356 Synodum
1194 3269 1351 3337 nonnullis

293 3370 460 3437 catholicis
472 3372 577 3439 adbuc
593 3374 627 3438 in
643 3373 846 3438 dubitatione
859 3373 1027 3439 haererent
1033 3371 1088 3459 (l)
1099 3376 1221 3440 Tamen
1233 3398 1252 3440 a
1265 3373 1349 3440 trideu
1400 3456 1403 3460 .

294 3472 371 3538 linis
387 3473 541 3540 Patribus
557 3475 687 3542 decreto
704 3475 885 3564 dogmatico
902 3474 1062 3564 dirempta
1077 3487 1126 3543 est
1142 3476 1349 3549 controversia,

332 3724 365 3793 stt
384 3728 557 3782 stoNtcotaos
570 3732 737 3794 astyaces.
755 3731 803 3782 XV
856 3728 922 3784 leat.
937 3745 989 3783 seo.
1000 3731 1069 3782 xvl.
1085 3728 1205 3802 Porosat
1215 3730 1286 3787 But.
1296 3728 1343 3783 dtr

291 3813 317 3862 tn
329 3813 437 3877 praelat.
448 3828 529 3882 super
540 3815 639 3867 tibrum
654 3813 750 3868 totus
762 3819 803 3867 ed.
852 3813 942 3886 pluet
951 3811 1013 3869 515.
1022 3817 1097 3867 cred.
1107 3813 1340 3884 Catetnnnsl’wld

288 3881 498 3961 coronante.
517 3900 590 3949 Tom.
612 3899 638 3948 11
651 3900 699 3949 cot.
725 3894 801 3952 1195.
855 3913 920 3952 com·
941 3899 971 3952 tn
991 3913 1079 3964 omncs
1103 3896 1186 3952 tidros
1208 3899 1342 3954 ammte

289 3981 354 4030 ltem
367 3996 387 4032 s.
410 3983 554 4033 Antoninus
575 3978 700 4035 Chronie.
719 3985 801 4032 eant
861 3981 914 4038 Vel·
934 3979 1175 4047 Testbegetamen
1194 3982 1344 4049 quaescrtn'r

289 4068 330 4116 tlt.
349 4062 366 4119 3
384 4082 440 4132 cap.
462 4064 479 4117 4
503 4070 565 4118 edit.
587 4069 703 4130 bogdan.
724 4064 801 4121 1586.
856 4083 912 4119 nnus
923 4069 948 4118 ln
959 4073 1034 4119 tract.
1049 4065 1089 4119 De
1100 4065 1257 4120 loctstbeot.
1270 4072 1318 4120 Per.
1329 4057 1346 4115 l.

288 4151 384 4200 Tomt
406 4147 506 4216 pandi
525 4153 671 4216 Alphonsus
683 4155 802 4205 Testatus
856 4161 918 4206 sect.
938 4149 948 4204 1
973 4148 1050 4218 cnut
1074 4156 1150 4220 Pron.
1168 4152 1179 4206 1
1197 4170 1225 4208 n.
1246 4151 1282 4208 611
1297 4165 1346 4218 tm

289 4231 798 4309 Commeat·inliterooymtprotofia·
857 4308 860 4312 Δ
