2828 4904
742 311 925 379 -lla-

294 441 446 506 noxium:
469 460 510 502 ex
533 459 599 524 quo
622 437 657 502 fir
681 446 718 501 ut
734 458 851 524 corpus
868 436 927 502 bac
951 437 1077 502 ratione
1097 440 1240 524 genitum
1256 462 1313 504 aaa

295 543 338 607 sit
354 542 500 631 proxima
523 541 762 627 propagationis
785 542 919 627 peccati,
943 562 1009 627 quo
1032 542 1292 607 animainlicitnr

295 652 432 714 Demum
458 647 542 712 ratio
570 647 669 724 baec,
701 647 729 710 si
749 647 846 711 nimis
869 655 1065 731 urgeretur,
1093 669 1199 734 aeque
1224 670 1313 734 prem

294 753 395 818 buius
408 752 585 817 sententiae
596 750 856 837 adstipulatores.
872 751 1037 838 Siquidem
1054 752 1115 838 ipsi
1129 750 1275 816 latentur
1289 753 1313 816 in

294 866 326 920 et
339 856 550 934 contendunt,
564 858 602 921 B.
616 857 782 943 Virginem
795 857 912 920 nedum
925 856 1001 920 ullis
1014 855 1198 921 actualibus
1211 857 1313 934 noxis,

292 980 398 1045 neque
420 957 723 1043 concupiscentiae,
747 981 851 1044 neque
874 959 946 1023 eius
970 957 1091 1035 fomiti,
1120 958 1233 1022 aliisve
1254 960 1313 1044 pro‘

200 1088 202 1092 ⁴
295 1063 339 1126 sis
359 1053 584 1128 affectionibus
604 1062 782 1126 subiectam
801 1062 914 1127 luisse.
936 1064 1036 1127 Porro
1052 1061 1256 1126 infirmitates
1276 1063 1313 1125 ist

293 1167 380 1232 modi
403 1168 504 1254 magis
535 1167 685 1253 propriae
709 1167 781 1231 vitii
803 1152 978 1252 originalis¹
995 1174 1070 1230 sunl
1093 1166 1262 1243 dicendae,
1286 1190 1312 1253 q·

295 1270 368 1335 illae
392 1291 474 1357 quas
490 1269 587 1355 paulo
607 1277 680 1333 ante
695 1270 1021 1347 commemoravimus,
1039 1291 1123 1356 quae
1151 1269 1275 1334 scilieet

203 1448 205 1451 Ι
298 1383 394 1461 turpe
413 1369 647 1459 praescierunt.
660 1372 747 1457 Ergo
763 1372 790 1435 si
806 1371 969 1437 naturales
981 1372 1184 1456 infirmitates
1196 1373 1313 1437 indise.

298 1479 520 1558 natimomnes
533 1482 608 1539 sunt
619 1483 801 1540 contractae
813 1477 1022 1563 primigeniae
1038 1474 1120 1540 labis
1140 1477 1274 1541 effeetus
1289 1498 1313 1540 a

299 1582 430 1658 indicia,
446 1579 497 1644 bis
514 1600 644 1666 quoque
662 1577 826 1665 probrosis
843 1580 1078 1657 allectionibus,
1097 1580 1195 1643 immo
1218 1590 1250 1643 et
1268 1602 1313 1667 p·

300 1685 424 1752 ratione
441 1686 479 1749 Β.
493 1683 660 1768 Virginem
674 1681 775 1747 luisse
791 1682 963 1748 obnoxiam
978 1683 1233 1749 adseverandum
1249 1681 1313 1747 lon

300 1799 432 1879 peceato
444 1789 580 1875 originis
594 1784 678 1852 laesa
693 1786 818 1852 luisset:
832 1810 850 1853 a
863 1810 927 1875 qua
940 1798 1044 1852 tamen
1056 1788 1313 1853 asseveratione:

302 1895 404 1960 stiana
421 1895 542 1981 pietas,
560 1901 592 1959 et
609 1893 668 1978 ipsi
690 1892 887 1979 quibuscum
909 1893 1034 1978 agimus
1058 1892 1200 1977 theologi
1216 1883 1313 1957 abbo

302 2019 399 2085 quam
426 1997 576 2064 manime.
604 1996 699 2075 Quod
727 1997 754 2060 si
773 1998 894 2075 Patres,
919 2005 1015 2083 atquc
1043 1997 1128 2060 inter
1154 1995 1252 2060 hosce
1278 2002 1313 2060 Α

303 2104 408 2167 stinus
425 2123 501 2190 prae
525 2101 610 2179 aliis,
627 2123 721 2188 saepe
740 2123 781 2165 ex
798 2110 933 2165 naturae
952 2100 1169 2188 passionibuS,
1188 2122 1274 2187 quae

302 2208 427 2284 insunt,
439 2213 717 2292 argumentantur,
727 2215 764 2269 ut
780 2205 950 2291 originarii
962 2205 1086 2292 peccati
1101 2205 1135 2267 in
1147 2225 1261 2268 omnes
1276 2220 1313 2290 Ι

303 2309 462 2399 gationem
475 2306 655 2385 adstruant,
669 2305 840 2372 dicendum
852 2308 939 2393 ipsos
952 2328 993 2371 ex
1009 2306 1061 2383 iis,
1075 2327 1158 2393 quae
1176 2309 1313 2370 comm]

303 2413 504 2498 contingunt,
518 2412 730 2496 ratiocinales
743 2410 855 2475 luisse.
874 2411 1025 2476 Ceterum
1045 2409 1196 2496 poenales
1214 2430 1313 2495 perf

305 2539 361 2582 nes
384 2539 425 2581 ex
442 2516 589 2582 iustitiae
617 2515 784 2600 originalis
810 2515 936 2579 iactura
958 2515 1109 2591 veniunt,
1128 2535 1214 2600 quae
1234 2534 1313 2599 pr·-

305 2621 407 2687 sonali
426 2621 515 2686 Adae
532 2620 627 2706 eulpa
643 2618 727 2684 lacta
744 2628 803 2703 est3
829 2620 915 2684 unde
932 2618 1061 2697 accidit,
1075 2625 1113 2682 ut
1125 2619 1313 2681 universas

306 2747 384 2790 num
414 2732 531 2805 natura
565 2723 699 2788 viduata
726 2722 828 2789 luerit
851 2725 892 2789 iis
914 2723 1092 2811 privilegiis
1116 2721 1267 2795 omnibus
1287 2765 1313 2796 a

300 2820 599 2916 praeternaturalia
615 2826 755 2892 audiunt
770 2834 802 2893 et
818 2850 836 2893 a
854 2826 1158 2915 supernaturalibus
1170 2825 1264 2913 plane
1307 2854 1313 2886 ι

306 2940 465 3016 guantur,
489 2930 611 3017 quibus
634 2931 690 2996 illa
706 2953 765 3018 pro
789 2953 911 2996 summa
933 2932 995 2997 Dei
1015 2929 1211 2995 liberalitate
1227 2948 1313 2992 curm

308 3035 427 3111 luerat,
441 3055 590 3121 quaeque
601 3056 777 3123 numquam
790 3037 937 3126 inbnius
947 3037 1033 3101 vitae
1051 3056 1155 3099 usura
1172 3034 1313 3098 restitum

309 3142 376 3207 sive
393 3140 487 3205 bomo
503 3140 639 3228 originis
656 3149 788 3228 peccato
805 3142 964 3219 irretitus,
983 3141 1049 3205 sive
1066 3139 1105 3206 ab
1118 3161 1157 3204 eo
1172 3139 1311 3203 immunis

309 3254 430 3312 seatur.
447 3247 496 3313 Ad
512 3248 606 3326 haec,
624 3248 806 3332 argumenti
821 3247 1008 3311 huiusmodi
1025 3246 1074 3312 vis
1094 3267 1130 3310 ac
1146 3243 1250 3310 robur
1265 3264 1313 3328 pen

309 3350 449 3417 concidit
475 3360 646 3439 postquam
670 3354 791 3415 romani
812 3351 980 3417 Pontifices
1003 3349 1225 3436 proscripsere
1254 3367 1313 3435 prop

356 3541 390 3611 (1)
409 3545 527 3597 Proiecto
551 3548 571 3596 si
599 3549 668 3596 Dens
694 3547 822 3595 hominem
875 3546 950 3596 nibus
972 3545 1022 3595 illis
1040 3550 1130 3594 natura
1152 3540 1313 3593 sublimantur

309 3645 361 3680 uon
372 3632 496 3681 erexisset
506 3633 539 3681 sd
547 3632 764 3695 supernaturalem
783 3645 823 3679 or·
875 3631 1047 3693 Waddingum
1076 3630 1101 3678 ln
1125 3643 1168 3690 op.
1196 3625 1313 3681 immacu

310 3715 396 3765 dinem
416 3716 492 3779 eique
512 3715 622 3779 gratuita
652 3717 716 3765 dona
742 3726 823 3781 praa·
880 3710 1313 3781 eorreptiontlberartaettrgm

311 3796 493 3852 ematurata
509 3814 561 3850 non
582 3799 724 3860 adiecisset,
743 3799 825 3848 obno-
879 3810 1044 3849 retrusam
1057 3809 1132 3850 aras
1147 3810 1280 3848 Moarnu
1296 3814 1313 3850 a

311 3883 368 3932 atas
385 3882 475 3933 tntsset
491 3866 531 3935 bis
543 3884 675 3949 omnibus,
686 3897 752 3948 quae
768 3896 822 3933 mo·
878 3895 979 3933 aarum
990 3877 1170 3935 Romael655.
1182 3884 1313 3933 Recolana

310 3967 344 4017 do
365 3965 541 4035 poenalitates
559 3969 680 4020 dicuntur
698 3972 725 4019 et
740 3970 821 4031 sunt,
875 3967 938 4015 riter
949 3980 1011 4029 quas
1024 3980 1037 4014 a
1050 3979 1069 4015 s.
1083 3965 1242 4032 Augustino,
1255 3971 1283 4017 et
1295 3983 1313 4018 s,

310 4051 517 4115 ullaslneculpa,
535 4052 578 4103 sed
597 4065 629 4102 ex
647 4064 716 4101 mora
733 4050 822 4100 condi·
875 4064 914 4098 ma
926 4050 1090 4099 auctoritates
1104 4051 1239 4099 astruimus
1250 4065 1313 4115 quor

311 4137 380 4187 tione
388 4136 514 4186 humanae
523 4139 638 4186 naturae:
647 4148 680 4184 eo
689 4134 762 4197 plana
771 4147 823 4182 mo·
876 4134 981 4183 totalem
994 4133 1085 4184 Christi
1105 4141 1215 4185 mortem
1227 4136 1254 4185 in
1266 4150 1313 4186 assi

312 4220 345 4272 do
363 4233 415 4285 quo
436 4221 510 4271 bruta
529 4220 666 4276 animantia
684 4219 826 4283 perpessio·
879 4219 1106 4281 eorporemortali.
