2828 4904
568 377 613 394 ..
634 342 723 409 3.-

97 457 172 539 bus
194 457 403 566 expetitur
431 455 637 541 decretum
671 480 741 541 aut
771 459 964 562 omnino,
988 481 1055 545 aut
1084 491 1174 544 ma-

100 584 227 666 turius
243 580 407 665 feratur.
422 581 557 665 Sentio
570 583 676 666 enim
693 603 840 698 quanta
855 585 906 667 sit
921 612 1011 668 cum
1028 586 1177 672 virium

100 737 283 792 mearum
304 711 474 793 tenuitas
498 729 585 792 tum
622 712 676 792 rei
694 711 863 823 gravitas
885 730 926 793 et
946 709 1174 796 difficultas.

100 837 146 919 lu
162 865 257 918 eam
272 854 402 918 tamen
421 863 531 946 spem
548 837 663 920 venio
685 838 868 919 futurum
889 864 971 919 esse
989 893 1002 940 ,
1028 858 1077 919 ut
1094 839 1177 949 ipsa

101 960 349 1043 tractationis
364 961 464 1044 ratio
493 990 616 1076 quam
645 961 752 1044 mihi
774 962 998 1045 sectandam
1021 992 1177 1076 propo-

105 1086 183 1189 sui,
202 1101 245 1168 et
264 1085 442 1170 studium
462 1117 545 1205 quo
560 1086 762 1211 quidquid
781 1086 831 1169 ad
848 1108 1093 1199 praesentem
1117 1106 1176 1170 at·

103 1214 204 1297 tinet
240 1215 553 1300 controversiam
590 1217 742 1300 versavi
778 1213 1105 1328 diligentissime,
1136 1235 1178 1299 et

100 1360 287 1422 accurata
307 1369 410 1456 quae
427 1371 448 1423 a
468 1339 583 1424 nobis
610 1361 669 1424 est
700 1341 879 1424 instituta
908 1338 1082 1442 collatio,
1098 1337 1177 1423 ali-

100 1467 206 1581 quid
225 1467 321 1553 huic
339 1464 610 1582 disquisitioni
634 1468 735 1552 lucis
756 1465 944 1551 effundat.

187 1590 322 1698 Quam
337 1620 426 1676 saue
445 1591 498 1678 ad
513 1595 821 1678 controversiam
837 1593 971 1676 animo
991 1593 1043 1675 ita
1067 1602 1176 1679 com'·

99 1739 262 1832 paratus
295 1720 472 1825 accedo,
495 1742 541 1805 ut
575 1720 672 1804 milri
702 1721 949 1833 propositum
978 1723 1032 1804 sit
1057 1725 1174 1806 unice

101 1849 262 1932 veritati
283 1848 460 1951 servire,
481 1867 520 1930 et
539 1848 689 1950 critica,
711 1869 754 1931 ut
772 1847 914 1953 aiunt,
933 1847 1044 1930 lance
1071 1878 1177 1960 pen-

105 2001 187 2056 sare
207 2003 312 2088 qnae
334 1972 421 2086 piae
442 1973 654 2058 sententiae
676 1971 871 2058 adversari
896 1972 960 2058 vel
990 1973 1175 2087 adstipu-

107 2098 177 2182 lari
199 2097 399 2202 videntur,
418 2098 545 2184 donec
564 2095 749 2182 omnibus
771 2097 982 2213 diligenter
1000 2103 1177 2211 expensis

103 2223 266 2310 tandem
285 2224 393 2309 illud·
410 2227 486 2311 rite
502 2224 684 2338 colligam
706 2222 818 2338 quod
837 2252 931 2308 vero
950 2247 1011 2309 est
1032 2225 1174 2308 existi-

101 2348 299 2436 mandum
313 2352 499 2436 similius.
522 2351 723 2460 Quoniam
754 2370 988 2434 autemnon
1024 2350 1076 2433 de
1092 2352 1176 2461 ipsa

102 2479 157 2560 rei
175 2476 334 2579 natura,
364 2478 433 2561 de·
452 2478 696 2565 immaculati
723 2476 911 2560 nimirum
944 2477 1174 2589 Conceptus

99 2606 280 2707 veritate,
297 2606 394 2689 mihi
415 2605 565 2691 directe
583 2605 723 2690 saltem
745 2605 941 2718 agendum
967 2625 1040 2707 est,
1070 2601 1172 2686 bene

100 2733 223 2816 multa
244 2731 309 2816 vel
330 2731 465 2816 divina
485 2729 645 2848 eloquia
661 2731 723 2816 ¹vel
739 2732 901 2815 Petrum
923 2733 1033 2814 effata
1053 2728 1171 2814 silen-

106 2858 162 2940 tio
171 2857 419 2972 praeteribo,
428 2859 648 2973 multusque
655 2856 752 2941 adeo
766 2856 1066 2971 theologicas,ut
1081 2885 1175 2939 nun·

103 3006 263 3097 cupant,
280 2989 463 3091 rationes,
479 3016 583 3103 quae
600 2985 785 3068 hactenus
804 2985 932 3066 afferri
952 3012 1172 3068 consueve-

99 3133 207 3196 runt.
223 3111 335 3195 Haec
352 3110 457 3196 enim'
475 3111 525 3194 ad
542 3112 788 3222 propositum
806 3110 901 3192 milri
931 3105 1051 3190 finem
1071 3107 1169 3190 nihil

100 3237 356 3340 conducunt,
378 3235 706 3353 quandoquidem
740 3235 981 3320 immaculati
1012 3234 1171 3318 Conce-

100 3354 193 3477 ptus
207 3363 324 3445 unice
344 3364 645 3476 congruentiam
673 3362 935 3464 demostrant,
959 3360 1056 3442 milri
1077 3389 1170 3442 vero

101 3520 181 3575 non
201 3487 276 3570 alia
297 3509 461 3600 possunt
480 3490 568 3571 usui
584 3514 666 3572 esse
685 3516 754 3569 seu
771 3485 917 3568 biblica
946 3514 1014 3567 seu
1031 3486 1169 3567 Tradi-

101 3617 223 3700 tionis
237 3612 517 3696 ecclesiasticae
537 3633 821 3713 monumenta,
850 3630 970 3723 quarn
1000 3640 1100 3724 quae
1120 3610 1170 3692 ad

100 3744 247 3857 dogma
261 3740 547 3825 stabiliendum
568 3742 650 3823 vim
671 3738 827 3835 habent.
849 3736 1056 3853 Siquidem
1076 3758 1169 3819 cum

103 3873 232 3985 agitur
247 3867 299 3951 de
312 3867 512 3981 dogmate,
525 3864 708 3979 agiturde
724 3863 1012 3967 sartopfa'ctum
1035 3885 1168 3945 autem
1184 3925 1188 3933 .

103 3996 253 4080 idoneis
274 4016 428 4078 tanturn
443 3992 627 4096 testibus,
648 3990 811 4076 minime
831 4021 925 4076 vero
958 3991 1167 4071 coniectu-

98 4123 153 4210 ris
177 4123 328 4210 solisve
352 4119 712 4205 ratiocinationibus
723 4140 798 4235 est
808 4115 1168 4229 compmbandum.
