2828 4904
20 3005 24 3011 .
102 2968 179 3016 tentia
194 2967 281 3026 derre-

20 4045 24 4054 '
91 4044 230 4092 taulentmo
242 4047 269 4090 et

605 403 653 429 ,ί
740 313 972 383 ι-ω-

686 500 1137 620 οΑΡυΤΧψ’

525 730 643 813 cainum
668 768 756 828 euru
781 770 957 830 urnrmoun
982 772 1112 818 annm
1137 775 1223 820 surr
1408 705 1414 912 1

795 878 948 918 arrcarsrs
1002 853 1006 861 ’

113 1027 289 1151 ,olu'fflssj
411 1061 579 1124 ‘ilistorici
598 1060 697 1124 veluti
710 1069 816 1145 partes
834 1059 1000 1145 hucusque
1016 1062 1139 1146 egimus
1155 1084 1192 1127 aa
1209 1074 1384 1146 enarrantes,

112 1171 157 1220 rio.
336 1187 419 1251 quae
444 1165 476 1227 in
500 1163 721 1227 controversia
740 1162 778 1226 de
803 1163 1006 1226 immaculato
1029 1167 1064 1227 B.
1084 1165 1228 1250 Virginis
1247 1169 1384 1256 Conceptr
1409 1231 1414 1242 ,

335 1268 374 1332 ab
405 1274 544 1352 utraque
574 1263 831 1329 contendentium
860 1273 950 1350 parte
973 1287 1031 1352 pro
1054 1275 1233 1353 temporum
1258 1293 1384 1337 successa
1407 1321 1414 1348 ,

335 1378 433 1456 atque
462 1369 627 1432 occasione
658 1368 780 1454 prolata
808 1376 892 1432 sunt.
919 1369 1004 1433 Haeo
1026 1371 1089 1433 iam
1112 1371 1152 1436 ad
1176 1376 1330 1438 trutinam
1353 1395 1384 1440 re

334 1482 483 1539 vocantes
507 1482 539 1536 et
557 1474 691 1537 invicem
712 1472 909 1538 conferentes
937 1474 1048 1539 critica
1081 1475 1168 1539 lance
1188 1479 1405 1563 expendamus.

334 1586 477 1663 oportet,
507 1586 543 1641 ut
558 1598 597 1641 eu
614 1578 672 1640 hac
688 1576 854 1641 collatione
876 1585 972 1663 atque
992 1573 1166 1672 Ἐπικρίσει
1184 1581 1266 1666 quid
1281 1581 1384 1648 tande·
1404 1652 1406 1656 Α

336 1681 484 1766 colligere
520 1680 635 1759 liceat,
668 1680 900 1765 dignoscamus.
938 1684 979 1748 Ut
1009 1689 1115 1747 autem
1141 1683 1326 1750 confusioni
1351 1704 1393 1751 oe·

335 1806 514 1863 curramus,
539 1807 621 1872 quae
646 1793 836 1870 sequeretur
858 1785 1090 1862 necesseloret,
1112 1787 1139 1850 si
1155 1786 1385 1874 haecpermixt
1409 1816 1414 1869 s

333 1896 554 1967 tractaremus,
572 1910 627 1953 nos
651 1890 722 1952 heic
746 1888 876 1954 totidem
892 1890 1101 1975 paragraphis
1122 1892 1290 1976 proposita
1309 1912 1385 1977 argu
1412 1953 1414 1966 ,

332 1999 437 2054 menta
454 2012 511 2076 pro
527 2011 720 2076 unoquoque
736 1990 862 2075 placito,
877 1992 942 2056 sive
959 2015 976 2054 a
995 1989 1108 2055 Bibliis
1125 1992 1192 2056 sive
1205 2015 1224 2056 a
1238 1988 1383 2069 Patribus
1409 2055 1411 2058 a

335 2095 400 2158 sive
432 2116 471 2159 ex
502 2093 663 2159 Ecclesiae
692 2115 787 2158 sensu
804 2092 941 2184 aliisque
966 2095 1146 2158 traditionis
1171 2093 1320 2162 lontibus
1347 2095 1381 2160 de
1408 2134 1412 2143 =

334 2209 470 2286 sumpta,
495 2198 678 2285 singillatim
695 2199 914 2264 discutiemus.

825 2399 854 2495 t·
880 2407 903 2467 1·
1412 2491 1413 2499 ψ

752 2605 756 2613 ,
867 2550 869 2555 ’
1298 2605 1300 2615 ,
1405 2547 1412 2608 l

365 2611 555 2694 Argumenta
578 2609 687 2672 biblico
708 2632 767 2695 pro
792 2620 924 2695 utraque
946 2616 1094 2674 sententia
1119 2613 1337 2696 cependuater.

138 2822 214 2876 uuna
234 2837 279 2888 pro
420 2815 596 2879 Fatendum
620 2815 711 2900 prius
735 2815 871 2899 ingenue
895 2824 953 2894 ost,
967 2816 1090 2880 nullum
1114 2839 1252 2903 prtrrsus
1268 2816 1379 2882 biblico
1404 2828 1406 2833 “

102 2901 210 2958 utraque
224 2909 280 2944 Μ’
332 2940 403 2981 rum
429 2918 682 2980 testimoniorum
706 2906 886 3001 suppetere,
905 2917 991 3006 quod
1014 2922 1266 2983 controversiam
1281 2915 1377 3006 proal-
1401 2902 1414 3009 ἶ

102 3036 280 3088 coriambus·
332 3030 456 3085 terutra
480 3021 634 3085 sententia
662 3020 753 3105 plane
773 3019 911 3083 deliniat.
1401 3002 1410 3025 ”

19 3146 21 3151 ·
99 3108 281 3232 qqarntestimo-
417 3126 543 3190 Etenim
564 3147 646 3210 quae
667 3124 706 3188 ab
728 3125 1006 3210 impugnatoribus
1029 3125 1233 3209 urgebantur
1256 3150 1274 3191 e
1299 3122 1373 3191 sacri
1399 3204 1402 3209 Ι

327 3232 444 3297 litteris
468 3232 658 3307 testimonia,
682 3252 721 3295 ea
743 3237 817 3294 sunt
840 3230 960 3316 quibus
982 3231 1141 3296 evincitur
1163 3232 1331 3318 originalis
1349 3231 1375 3295 la
1407 3301 1409 3305 f

325 3333 424 3396 bisin
446 3354 553 3396 onrnes
569 3332 766 3418 propagatio,
791 3333 914 3396 nemine
938 3353 1071 3418 prorsus
1094 3341 1242 3419 excepto,
1258 3355 1318 3399 nec
1333 3328 1376 3396 nor
1397 3348 1406 3427 ξ,

324 3457 406 3522 quae
422 3436 647 3521 redemptionis
662 3435 882 3524 necessitatem
905 3421 1052 3521 probant,
1065 3454 1130 3520 qua
1145 3455 1256 3521 omnes
1267 3436 1376 3501 omnint
1397 3430 1408 3521 l

98 3607 107 3651 ι
132 3528 272 3650 lelffpffi·
323 3561 360 3605 ac
387 3539 516 3625 singuli,
534 3540 590 3626 qui
616 3562 657 3604 ox
678 3538 747 3605 ada
770 3538 929 3626 progeniti
954 3546 1038 3618 sunt,
1051 3537 1205 3625 indigent.
1232 3542 1334 3605 Porro
1357 3532 1376 3601 ri
1398 3530 1406 3585 l

97 3615 272 3733 bll110ss¹pfl
323 3668 383 3711 sua
406 3653 469 3710 tota
493 3646 626 3711 biblicos
648 3648 742 3711 hosce
777 3653 881 3709 textus
897 3646 931 3709 in
945 3645 1105 3731 praesenti
1120 3644 1159 3709 de
1175 3667 1242 3730 qua
1269 3647 1376 3733 agimus
1407 3642 1414 3658 ”

117 3741 244 3823 conuicia
321 3752 507 3838 quaestione
532 3753 674 3830 destitui,
691 3761 814 3816 constat
830 3772 891 3814 non
909 3751 1011 3815 solum
1034 3773 1074 3814 ex
1097 3751 1376 3817 Constitutionibut

115 3817 246 3862 tertianus.
319 3855 508 3943 pontificiis,
533 3876 643 3920 verum
667 3856 760 3918 etiam
784 3875 824 3916 ex
847 3852 973 3917 decreto
1000 3852 1189 3935 tridentin03
1216 3853 1317 3940 idque
1338 3869 1376 3938 op
1401 3858 1410 3923 «ᾖ

110 3969 145 4019 Ex
157 3971 268 4022 concilio
319 3969 513 4048 pugnatores
531 3959 594 4045 ipsi
612 3957 771 4022 fateantur
783 3978 915 4022 necesse
923 3963 980 4021 est.
995 3955 1159 4042 Siquidem
1174 3960 1302 4032 romani
1314 3959 1376 4022 Pon·
1405 3958 1410 3972 ”

115 4111 247 4173 „mmmm
322 4064 421 4128 titices
449 4064 573 4126 iteratis
594 4060 728 4126 decretis
753 4061 944 4125 contrariam
960 4059 1147 4124 sententiam
1155 4057 1249 4148 piam
1267 4063 1374 4131 vocant,
1405 4086 1408 4123 ε

91 4183 272 4257 corsicanae²
322 4168 574 4256 permittuntque
602 4173 638 4228 ut
662 4186 677 4226 a
703 4164 865 4228 catholicis
891 4164 1043 4248 theologis
1063 4165 1095 4230 in
1126 4165 1244 4231 scholis
1279 4166 1374 4232 docca-
1408 4153 1414 4241 l
