<?xml version="1.0" encoding="UTF-8"?>
<!DOCTYPE html PUBLIC "-//W3C//DTD XHTML 1.0 Transitional//EN"
    "http://www.w3.org/TR/xhtml1/DTD/xhtml1-transitional.dtd">
<html xmlns="http://www.w3.org/1999/xhtml" xml:lang="en" lang="en">
 <head>
  <title>
</title>
<meta http-equiv="Content-Type" content="text/html;charset=utf-8" />
  <meta name='ocr-system' content='tesseract 3.04.00' />
  <meta name='ocr-capabilities' content='ocr_page ocr_carea ocr_par ocr_line ocrx_word'/>
</head>
<body>
  <div class='ocr_page' id='page_1' title='image "./deimmaculatobvm00perrgoog_0112.png"; bbox 0 0 2828 4904; ppageno 0'>
   <div class='ocr_carea' id='block_1_1' title="bbox 97 424 1143 731">
    <p class='ocr_par' dir='ltr' id='par_1_1' title="bbox 97 424 1143 731">
     <span class='ocr_line' id='line_1_1' title="bbox 141 424 1139 526; baseline -0.018 -15"><span class='ocrx_word' id='word_1_1' title='bbox 141 424 209 511; x_wconf 36' lang='lat' dir='ltr'>&#39;Ne</span> <span class='ocrx_word' id='word_1_2' title='bbox 225 459 301 508; x_wconf 87' lang='lat' dir='ltr'>vcro</span> <span class='ocrx_word' id='word_1_3' title='bbox 317 439 392 526; x_wconf 89' lang='lat' dir='ltr'>quis</span> <span class='ocrx_word' id='word_1_4' title='bbox 413 444 559 505; x_wconf 86' lang='lat' dir='ltr'>autumet</span> <span class='ocrx_word' id='word_1_5' title='bbox 573 433 730 500; x_wconf 88' lang='lat' dir='ltr'>eiusmodi</span> <span class='ocrx_word' id='word_1_6' title='bbox 745 432 997 518; x_wconf 62' lang='lat' dir='ltr'><strong>explanationem</strong></span> <span class='ocrx_word' id='word_1_7' title='bbox 1015 450 1032 494; x_wconf 90' lang='lat' dir='ltr'>a</span> <span class='ocrx_word' id='word_1_8' title='bbox 1049 427 1139 494; x_wconf 90' lang='lat' dir='ltr'>nohis</span> 
     </span>
     <span class='ocr_line' id='line_1_2' title="bbox 97 536 1142 630; baseline -0.016 -16"><span class='ocrx_word' id='word_1_9' title='bbox 97 570 121 615; x_wconf 91' lang='lat' dir='ltr'>o</span> <span class='ocrx_word' id='word_1_10' title='bbox 133 544 249 613; x_wconf 87' lang='lat' dir='ltr'>luhito</span> <span class='ocrx_word' id='word_1_11' title='bbox 260 543 409 630; x_wconf 84' lang='lat' dir='ltr'>confingi,</span> <span class='ocrx_word' id='word_1_12' title='bbox 421 541 578 618; x_wconf 81' lang='lat' dir='ltr'>addimus,</span> <span class='ocrx_word' id='word_1_13' title='bbox 588 537 736 603; x_wconf 90' lang='lat' dir='ltr'>nonnulla</span> <span class='ocrx_word' id='word_1_14' title='bbox 748 560 788 600; x_wconf 79' lang='lat' dir='ltr'>ex</span> <span class='ocrx_word' id='word_1_15' title='bbox 800 536 943 622; x_wconf 88' lang='lat' dir='ltr'>allegatis</span> <span class='ocrx_word' id='word_1_16' title='bbox 955 538 1085 602; x_wconf 86' lang='lat' dir='ltr'>Patrum</span> <span class='ocrx_word' id='word_1_17' title='bbox 1097 542 1142 598; x_wconf 91' lang='lat' dir='ltr'>te·</span> 
     </span>
     <span class='ocr_line' id='line_1_3' title="bbox 97 638 1143 731; baseline -0.014 -14"><span class='ocrx_word' id='word_1_18' title='bbox 97 651 233 718; x_wconf 84' lang='lat' dir='ltr'>moniis</span> <span class='ocrx_word' id='word_1_19' title='bbox 248 649 334 714; x_wconf 88' lang='lat' dir='ltr'>illam</span> <span class='ocrx_word' id='word_1_20' title='bbox 346 646 526 713; x_wconf 89' lang='lat' dir='ltr'>necessario</span> <span class='ocrx_word' id='word_1_21' title='bbox 537 665 721 731; x_wconf 78' lang='lat' dir='ltr'>exposcere,</span> <span class='ocrx_word' id='word_1_22' title='bbox 734 642 795 705; x_wconf 88' lang='lat' dir='ltr'>uisi</span> <span class='ocrx_word' id='word_1_23' title='bbox 808 640 943 708; x_wconf 90' lang='lat' dir='ltr'>velimus</span> <span class='ocrx_word' id='word_1_24' title='bbox 954 663 995 704; x_wconf 85' lang='lat' dir='ltr'>cx</span> <span class='ocrx_word' id='word_1_25' title='bbox 1012 640 1052 703; x_wconf 89' lang='lat' dir='ltr'>iis</span> <span class='ocrx_word' id='word_1_26' title='bbox 1063 638 1143 703; x_wconf 88' lang='lat' dir='ltr'>alios</span> 
     </span>
    </p>
   </div>
   <div class='ocr_carea' id='block_1_2' title="bbox 98 740 1147 936">
    <p class='ocr_par' dir='ltr' id='par_1_2' title="bbox 98 740 1147 936">
     <span class='ocr_line' id='line_1_4' title="bbox 98 740 1146 831; baseline -0.013 -13"><span class='ocrx_word' id='word_1_27' title='bbox 98 761 183 819; x_wconf 90' lang='lat' dir='ltr'>ntra</span> <span class='ocrx_word' id='word_1_28' title='bbox 199 751 280 821; x_wconf 82' lang='lat' dir='ltr'>alios</span> <span class='ocrx_word' id='word_1_29' title='bbox 295 749 502 817; x_wconf 91' lang='lat' dir='ltr'>committere.</span> <span class='ocrx_word' id='word_1_30' title='bbox 514 744 669 831; x_wconf 83' lang='lat' dir='ltr'>Exemplo</span> <span class='ocrx_word' id='word_1_31' title='bbox 685 743 727 808; x_wconf 91' lang='lat' dir='ltr'>sit</span> <span class='ocrx_word' id='word_1_32' title='bbox 743 763 768 807; x_wconf 90' lang='lat' dir='ltr'>s.</span> <span class='ocrx_word' id='word_1_33' title='bbox 795 742 984 808; x_wconf 78' lang='lat' dir='ltr'><strong>Paschasius</strong></span> <span class='ocrx_word' id='word_1_34' title='bbox 1012 740 1146 806; x_wconf 85' lang='lat' dir='ltr'>llathcr·</span> 
     </span>
     <span class='ocr_line' id='line_1_5' title="bbox 100 846 1147 936; baseline -0.012 -15"><span class='ocrx_word' id='word_1_35' title='bbox 100 879 139 936; x_wconf 87' lang='lat' dir='ltr'>s,</span> <span class='ocrx_word' id='word_1_36' title='bbox 167 855 267 920; x_wconf 89' lang='lat' dir='ltr'>cuius</span> <span class='ocrx_word' id='word_1_37' title='bbox 292 851 389 934; x_wconf 66' lang='lat' dir='ltr'>verba</span> <span class='ocrx_word' id='word_1_38' title='bbox 416 850 476 917; x_wconf 88' lang='lat' dir='ltr'>suh</span> <span class='ocrx_word' id='word_1_39' title='bbox 500 870 525 913; x_wconf 86' lang='lat' dir='ltr'>s.</span> <span class='ocrx_word' id='word_1_40' title='bbox 549 846 766 933; x_wconf 81' lang='lat' dir='ltr'>liildelphoasi</span> <span class='ocrx_word' id='word_1_41' title='bbox 791 847 916 910; x_wconf 90' lang='lat' dir='ltr'>nominc</span> <span class='ocrx_word' id='word_1_42' title='bbox 939 866 997 932; x_wconf 90' lang='lat' dir='ltr'>pro</span> <span class='ocrx_word' id='word_1_43' title='bbox 1022 852 1147 909; x_wconf 88' lang='lat' dir='ltr'>coutra-</span> 
     </span>
    </p>
   </div>
   <div class='ocr_carea' id='block_1_3' title="bbox 97 943 1153 1663">
    <p class='ocr_par' dir='ltr' id='par_1_3' title="bbox 97 943 1153 1663">
     <span class='ocr_line' id='line_1_6' title="bbox 97 943 1147 1038; baseline -0.014 -12"><span class='ocrx_word' id='word_1_44' title='bbox 97 981 116 1026; x_wconf 90' lang='lat' dir='ltr'>u</span> <span class='ocrx_word' id='word_1_45' title='bbox 141 957 307 1024; x_wconf 84' lang='lat' dir='ltr'>sententia</span> <span class='ocrx_word' id='word_1_46' title='bbox 329 956 519 1037; x_wconf 79' lang='lat' dir='ltr'>afferuntur3</span> <span class='ocrx_word' id='word_1_47' title='bbox 543 949 669 1038; x_wconf 80' lang='lat' dir='ltr'>quihus·</span> <span class='ocrx_word' id='word_1_48' title='bbox 679 951 707 1015; x_wconf 91' lang='lat' dir='ltr'>is</span> <span class='ocrx_word' id='word_1_49' title='bbox 723 950 857 1015; x_wconf 85' lang='lat' dir='ltr'>allirmat</span> <span class='ocrx_word' id='word_1_50' title='bbox 878 949 1001 1015; x_wconf 87' lang='lat' dir='ltr'>Mariae</span> <span class='ocrx_word' id='word_1_51' title='bbox 1021 943 1147 1013; x_wconf 89' lang='lat' dir='ltr'>carnem</span> 
     </span>
     <span class='ocr_line' id='line_1_7' title="bbox 97 1052 1147 1147; baseline -0.012 -20"><span class='ocrx_word' id='word_1_52' title='bbox 97 1083 201 1128; x_wconf 76' lang='lat' dir='ltr'>trncm</span> <span class='ocrx_word' id='word_1_53' title='bbox 225 1063 422 1147; x_wconf 85' lang='lat' dir='ltr'>essepeceati,</span> <span class='ocrx_word' id='word_1_54' title='bbox 445 1076 542 1144; x_wconf 87' lang='lat' dir='ltr'>quam</span> <span class='ocrx_word' id='word_1_55' title='bbox 557 1075 576 1120; x_wconf 84' lang='lat' dir='ltr'>a</span> <span class='ocrx_word' id='word_1_56' title='bbox 592 1052 716 1139; x_wconf 76' lang='lat' dir='ltr'>Spiritu</span> <span class='ocrx_word' id='word_1_57' title='bbox 731 1052 846 1119; x_wconf 88' lang='lat' dir='ltr'>Sancto</span> <span class='ocrx_word' id='word_1_58' title='bbox 868 1054 1091 1139; x_wconf 71' lang='lat' dir='ltr'>sanctificatam</span> <span class='ocrx_word' id='word_1_59' title='bbox 1115 1056 1147 1115; x_wconf 89' lang='lat' dir='ltr'>et</span> 
     </span>
     <span class='ocr_line' id='line_1_8' title="bbox 97 1152 1147 1243; baseline -0.013 -12"><span class='ocrx_word' id='word_1_60' title='bbox 97 1165 278 1231; x_wconf 77' lang='lat' dir='ltr'>condatum</span> <span class='ocrx_word' id='word_1_61' title='bbox 300 1161 389 1227; x_wconf 87' lang='lat' dir='ltr'>dicit.</span> <span class='ocrx_word' id='word_1_62' title='bbox 414 1161 448 1227; x_wconf 85' lang='lat' dir='ltr'>si</span> <span class='ocrx_word' id='word_1_63' title='bbox 470 1159 553 1225; x_wconf 88' lang='lat' dir='ltr'>enim</span> <span class='ocrx_word' id='word_1_64' title='bbox 577 1159 786 1243; x_wconf 69' lang='lat' dir='ltr'>deformatis,</span> <span class='ocrx_word' id='word_1_65' title='bbox 810 1164 848 1222; x_wconf 93' lang='lat' dir='ltr'>ut</span> <span class='ocrx_word' id='word_1_66' title='bbox 871 1162 1000 1233; x_wconf 86' lang='lat' dir='ltr'>vocant,</span> <span class='ocrx_word' id='word_1_67' title='bbox 1023 1152 1147 1240; x_wconf 88' lang='lat' dir='ltr'>peccati</span> 
     </span>
     <span class='ocr_line' id='line_1_9' title="bbox 97 1257 1149 1359; baseline -0.012 -25"><span class='ocrx_word' id='word_1_68' title='bbox 97 1325 99 1334; x_wconf 93' lang='lat'>.</span> <span class='ocrx_word' id='word_1_69' title='bbox 116 1289 196 1333; x_wconf 87' lang='lat' dir='ltr'>eam</span> <span class='ocrx_word' id='word_1_70' title='bbox 213 1266 440 1354; x_wconf 81' lang='lat' dir='ltr'>propagatione</span> <span class='ocrx_word' id='word_1_71' title='bbox 456 1264 639 1359; x_wconf 83' lang='lat' dir='ltr'>accipienda</span> <span class='ocrx_word' id='word_1_72' title='bbox 651 1263 766 1339; x_wconf 87' lang='lat' dir='ltr'>iurent,</span> <span class='ocrx_word' id='word_1_73' title='bbox 783 1280 922 1347; x_wconf 88' lang='lat' dir='ltr'>quanam</span> <span class='ocrx_word' id='word_1_74' title='bbox 936 1257 1080 1346; x_wconf 82' lang='lat' dir='ltr'>componi</span> <span class='ocrx_word' id='word_1_75' title='bbox 1098 1277 1149 1321; x_wconf 87' lang='lat' dir='ltr'>ra-</span> 
     </span>
     <span class='ocr_line' id='line_1_10' title="bbox 97 1364 1149 1458; baseline -0.01 -21"><span class='ocrx_word' id='word_1_76' title='bbox 97 1394 163 1438; x_wconf 88' lang='lat' dir='ltr'>one</span> <span class='ocrx_word' id='word_1_77' title='bbox 186 1378 319 1458; x_wconf 76' lang='lat' dir='ltr'>possent</span> <span class='ocrx_word' id='word_1_78' title='bbox 341 1391 415 1436; x_wconf 92' lang='lat' dir='ltr'>cum</span> <span class='ocrx_word' id='word_1_79' title='bbox 437 1370 508 1434; x_wconf 90' lang='lat' dir='ltr'>aliis</span> <span class='ocrx_word' id='word_1_80' title='bbox 531 1369 676 1436; x_wconf 86' lang='lat' dir='ltr'>eiusdem</span> <span class='ocrx_word' id='word_1_81' title='bbox 699 1389 725 1433; x_wconf 90' lang='lat' dir='ltr'>s.</span> <span class='ocrx_word' id='word_1_82' title='bbox 750 1364 983 1452; x_wconf 89' lang='lat' dir='ltr'>archicpiscopi</span> <span class='ocrx_word' id='word_1_83' title='bbox 1013 1384 1069 1428; x_wconf 88' lang='lat' dir='ltr'>scu</span> <span class='ocrx_word' id='word_1_84' title='bbox 1093 1382 1149 1448; x_wconf 92' lang='lat' dir='ltr'>po-</span> 
     </span>
     <span class='ocr_line' id='line_1_11' title="bbox 99 1465 1150 1559; baseline -0.012 -18"><span class='ocrx_word' id='word_1_85' title='bbox 99 1497 143 1541; x_wconf 91' lang='lat' dir='ltr'>us</span> <span class='ocrx_word' id='word_1_86' title='bbox 165 1473 318 1539; x_wconf 86' lang='lat' dir='ltr'>Ratherti</span> <span class='ocrx_word' id='word_1_87' title='bbox 342 1472 456 1551; x_wconf 83' lang='lat' dir='ltr'>allatis,</span> <span class='ocrx_word' id='word_1_88' title='bbox 476 1471 597 1559; x_wconf 89' lang='lat' dir='ltr'>quihus</span> <span class='ocrx_word' id='word_1_89' title='bbox 614 1471 772 1537; x_wconf 88' lang='lat' dir='ltr'>asseritur</span> <span class='ocrx_word' id='word_1_90' title='bbox 787 1481 927 1536; x_wconf 76' lang='lat' dir='ltr'>constare</span> <span class='ocrx_word' id='word_1_91' title='bbox 943 1490 1009 1534; x_wconf 90' lang='lat' dir='ltr'>eam</span> <span class='ocrx_word' id='word_1_92' title='bbox 1026 1465 1150 1550; x_wconf 74' lang='lat' dir='ltr'>(uvir-</span> 
     </span>
     <span class='ocr_line' id='line_1_12' title="bbox 97 1571 1153 1663; baseline -0.012 -18"><span class='ocrx_word' id='word_1_93' title='bbox 97 1574 196 1662; x_wconf 79' lang='lat' dir='ltr'>hem)</span> <span class='ocrx_word' id='word_1_94' title='bbox 217 1575 257 1641; x_wconf 79' lang='lat' dir='ltr'>al</span> <span class='ocrx_word' id='word_1_95' title='bbox 277 1581 360 1642; x_wconf 87' lang='lat' dir='ltr'>omni</span> <span class='ocrx_word' id='word_1_96' title='bbox 376 1578 525 1663; x_wconf 75' lang='lat' dir='ltr'>originali</span> <span class='ocrx_word' id='word_1_97' title='bbox 533 1590 659 1663; x_wconf 88' lang='lat' dir='ltr'>peccata</span> <span class='ocrx_word' id='word_1_98' title='bbox 675 1581 839 1640; x_wconf 86' lang='lat' dir='ltr'>immunem</span> <span class='ocrx_word' id='word_1_99' title='bbox 851 1574 956 1657; x_wconf 74' lang='lat' dir='ltr'>fuisse,</span> <span class='ocrx_word' id='word_1_100' title='bbox 975 1583 1003 1637; x_wconf 88' lang='lat' dir='ltr'>et</span> <span class='ocrx_word' id='word_1_101' title='bbox 1019 1571 1056 1636; x_wconf 83' lang='lat' dir='ltr'>ab</span> <span class='ocrx_word' id='word_1_102' title='bbox 1070 1575 1153 1635; x_wconf 84' lang='lat' dir='ltr'>omui</span> 
     </span>
    </p>
   </div>
   <div class='ocr_carea' id='block_1_4' title="bbox 96 1675 1170 1767">
    <p class='ocr_par' dir='ltr' id='par_1_4' title="bbox 96 1675 1170 1767">
     <span class='ocr_line' id='line_1_13' title="bbox 96 1675 1170 1767; baseline -0.01 -18"><span class='ocrx_word' id='word_1_103' title='bbox 96 1687 266 1766; x_wconf 77' lang='lat' dir='ltr'>astapione</span> <span class='ocrx_word' id='word_1_104' title='bbox 283 1685 405 1767; x_wconf 84' lang='lat' dir='ltr'>peccati</span> <span class='ocrx_word' id='word_1_105' title='bbox 414 1685 541 1766; x_wconf 77' lang='lat' dir='ltr'>originis</span> <span class='ocrx_word' id='word_1_106' title='bbox 563 1682 709 1758; x_wconf 86' lang='lat' dir='ltr'>alienam,</span> <span class='ocrx_word' id='word_1_107' title='bbox 725 1677 845 1765; x_wconf 90' lang='lat' dir='ltr'>quade</span> <span class='ocrx_word' id='word_1_108' title='bbox 868 1696 966 1742; x_wconf 85' lang='lat' dir='ltr'>causa</span> <span class='ocrx_word' id='word_1_109' title='bbox 988 1675 1170 1741; x_wconf 90' lang='lat' dir='ltr'>inliciatur.</span> 
     </span>
    </p>
   </div>
   <div class='ocr_carea' id='block_1_5' title="bbox 96 1778 1161 3529">
    <p class='ocr_par' dir='ltr' id='par_1_5' title="bbox 96 1778 1161 3529">
     <span class='ocr_line' id='line_1_14' title="bbox 96 1778 1152 1871; baseline -0.007 -21"><span class='ocrx_word' id='word_1_110' title='bbox 96 1806 211 1850; x_wconf 80' lang='lat' dir='ltr'>arnam</span> <span class='ocrx_word' id='word_1_111' title='bbox 224 1782 348 1849; x_wconf 87' lang='lat' dir='ltr'>Mariae</span> <span class='ocrx_word' id='word_1_112' title='bbox 366 1805 438 1849; x_wconf 87' lang='lat' dir='ltr'>vere</span> <span class='ocrx_word' id='word_1_113' title='bbox 448 1780 550 1849; x_wconf 85' lang='lat' dir='ltr'>luisse</span> <span class='ocrx_word' id='word_1_114' title='bbox 567 1804 690 1847; x_wconf 87' lang='lat' dir='ltr'>caraem</span> <span class='ocrx_word' id='word_1_115' title='bbox 699 1780 844 1871; x_wconf 73' lang='lat' dir='ltr'>peccati?</span> <span class='ocrx_word' id='word_1_116' title='bbox 856 1778 1034 1846; x_wconf 75' lang='lat' dir='ltr'>Fatendum</span> <span class='ocrx_word' id='word_1_117' title='bbox 1049 1778 1152 1865; x_wconf 90' lang='lat' dir='ltr'>igitur</span> 
     </span>
     <span class='ocr_line' id='line_1_15' title="bbox 97 1883 1154 1973; baseline -0.006 -20"><span class='ocrx_word' id='word_1_118' title='bbox 97 1897 128 1955; x_wconf 90' lang='lat' dir='ltr'>st</span> <span class='ocrx_word' id='word_1_119' title='bbox 148 1887 284 1952; x_wconf 89' lang='lat' dir='ltr'>nonnisi</span> <span class='ocrx_word' id='word_1_120' title='bbox 307 1887 429 1952; x_wconf 87' lang='lat' dir='ltr'>ratione</span> <span class='ocrx_word' id='word_1_121' title='bbox 448 1887 661 1973; x_wconf 81' lang='lat' dir='ltr'>generationis</span> <span class='ocrx_word' id='word_1_122' title='bbox 681 1907 738 1972; x_wconf 87' lang='lat' dir='ltr'>per</span> <span class='ocrx_word' id='word_1_123' title='bbox 756 1883 1046 1972; x_wconf 81' lang='lat' dir='ltr'>concupiscentiam</span> <span class='ocrx_word' id='word_1_124' title='bbox 1064 1903 1154 1969; x_wconf 86' lang='lat' dir='ltr'>pera·</span> 
     </span>
     <span class='ocr_line' id='line_1_16' title="bbox 96 1986 1154 2075; baseline -0.004 -20"><span class='ocrx_word' id='word_1_125' title='bbox 96 2001 163 2070; x_wconf 70' lang='lat' dir='ltr'>stac,</span> <span class='ocrx_word' id='word_1_126' title='bbox 183 1989 320 2054; x_wconf 80' lang='lat' dir='ltr'>minime</span> <span class='ocrx_word' id='word_1_127' title='bbox 347 2012 422 2056; x_wconf 86' lang='lat' dir='ltr'>vero</span> <span class='ocrx_word' id='word_1_128' title='bbox 444 1990 485 2056; x_wconf 93' lang='lat' dir='ltr'>oh</span> <span class='ocrx_word' id='word_1_129' title='bbox 512 1989 592 2055; x_wconf 87' lang='lat' dir='ltr'>labis</span> <span class='ocrx_word' id='word_1_130' title='bbox 618 1988 784 2075; x_wconf 89' lang='lat' dir='ltr'>originalis</span> <span class='ocrx_word' id='word_1_131' title='bbox 806 1988 988 2075; x_wconf 78' lang='lat' dir='ltr'>contagium</span> <span class='ocrx_word' id='word_1_132' title='bbox 1010 1986 1154 2074; x_wconf 83' lang='lat' dir='ltr'>Virginis</span> 
     </span>
     <span class='ocr_line' id='line_1_17' title="bbox 96 2090 1109 2180; baseline -0.003 -21"><span class='ocrx_word' id='word_1_133' title='bbox 96 2113 211 2159; x_wconf 71' lang='lat' dir='ltr'>caman</span> <span class='ocrx_word' id='word_1_134' title='bbox 231 2093 266 2157; x_wconf 92' lang='lat' dir='ltr'>iu</span> <span class='ocrx_word' id='word_1_135' title='bbox 288 2092 390 2179; x_wconf 89' lang='lat' dir='ltr'>priori</span> <span class='ocrx_word' id='word_1_136' title='bbox 412 2101 504 2158; x_wconf 83' lang='lat' dir='ltr'>textu</span> <span class='ocrx_word' id='word_1_137' title='bbox 520 2115 643 2160; x_wconf 88' lang='lat' dir='ltr'>carnem</span> <span class='ocrx_word' id='word_1_138' title='bbox 655 2098 776 2180; x_wconf 87' lang='lat' dir='ltr'>peccati</span> <span class='ocrx_word' id='word_1_139' title='bbox 789 2093 977 2179; x_wconf 87' lang='lat' dir='ltr'>appellatam</span> <span class='ocrx_word' id='word_1_140' title='bbox 996 2090 1109 2158; x_wconf 88' lang='lat' dir='ltr'>fuisse.</span> 
     </span>
     <span class='ocr_line' id='line_1_18' title="bbox 168 2190 1153 2282; baseline -0.004 -20"><span class='ocrx_word' id='word_1_141' title='bbox 168 2195 262 2276; x_wconf 83' lang='lat' dir='ltr'>Quid</span> <span class='ocrx_word' id='word_1_142' title='bbox 277 2195 371 2282; x_wconf 86' lang='lat' dir='ltr'>plura</span> <span class='ocrx_word' id='word_1_143' title='bbox 384 2190 400 2262; x_wconf 77' lang='lat' dir='ltr'><strong>P</strong></span> <span class='ocrx_word' id='word_1_144' title='bbox 415 2199 526 2265; x_wconf 91' lang='lat' dir='ltr'>Nouae</span> <span class='ocrx_word' id='word_1_145' title='bbox 543 2199 652 2261; x_wconf 87' lang='lat' dir='ltr'>Patres</span> <span class='ocrx_word' id='word_1_146' title='bbox 669 2196 831 2261; x_wconf 89' lang='lat' dir='ltr'>interdum</span> <span class='ocrx_word' id='word_1_147' title='bbox 847 2196 897 2263; x_wconf 87' lang='lat' dir='ltr'>vel</span> <span class='ocrx_word' id='word_1_148' title='bbox 912 2197 1013 2282; x_wconf 89' lang='lat' dir='ltr'>ipsam</span> <span class='ocrx_word' id='word_1_149' title='bbox 1031 2193 1153 2260; x_wconf 86' lang='lat' dir='ltr'>Christi</span> 
     </span>
     <span class='ocr_line' id='line_1_19' title="bbox 96 2299 1153 2389; baseline -0.004 -24"><span class='ocrx_word' id='word_1_150' title='bbox 96 2321 212 2367; x_wconf 82' lang='lat' dir='ltr'>aruum</span> <span class='ocrx_word' id='word_1_151' title='bbox 224 2321 377 2367; x_wconf 81' lang='lat' dir='ltr'>vocavere</span> <span class='ocrx_word' id='word_1_152' title='bbox 389 2324 511 2368; x_wconf 87' lang='lat' dir='ltr'>carnem</span> <span class='ocrx_word' id='word_1_153' title='bbox 519 2307 638 2389; x_wconf 84' lang='lat' dir='ltr'>pcccati</span> <span class='ocrx_word' id='word_1_154' title='bbox 657 2300 779 2366; x_wconf 85' lang='lat' dir='ltr'>ratione</span> <span class='ocrx_word' id='word_1_155' title='bbox 795 2299 1044 2387; x_wconf 79' lang='lat' dir='ltr'>propagationis,</span> <span class='ocrx_word' id='word_1_156' title='bbox 1057 2316 1153 2384; x_wconf 91' lang='lat' dir='ltr'>quam</span> 
     </span>
     <span class='ocr_line' id='line_1_20' title="bbox 96 2400 1155 2492; baseline -0.001 -23"><span class='ocrx_word' id='word_1_157' title='bbox 96 2433 101 2469; x_wconf 84' lang='lat' dir='ltr'>t</span> <span class='ocrx_word' id='word_1_158' title='bbox 121 2404 386 2492; x_wconf 89' lang='lat' dir='ltr'>progenitoribus</span> <span class='ocrx_word' id='word_1_159' title='bbox 402 2406 694 2492; x_wconf 85' lang='lat' dir='ltr'>peccatoribnsest</span> <span class='ocrx_word' id='word_1_160' title='bbox 709 2400 868 2471; x_wconf 71' lang='lat' dir='ltr'>sortitus?</span> <span class='ocrx_word' id='word_1_161' title='bbox 890 2401 1045 2489; x_wconf 85' lang='lat' dir='ltr'>Exemplo</span> <span class='ocrx_word' id='word_1_162' title='bbox 1066 2401 1155 2468; x_wconf 89' lang='lat' dir='ltr'>locu·</span> 
     </span>
     <span class='ocr_line' id='line_1_21' title="bbox 96 2504 1157 2596; baseline -0.005 -22"><span class='ocrx_word' id='word_1_163' title='bbox 96 2507 263 2594; x_wconf 73' lang='lat' dir='ltr'>pletissimo</span> <span class='ocrx_word' id='word_1_164' title='bbox 279 2509 343 2572; x_wconf 88' lang='lat' dir='ltr'>siut</span> <span class='ocrx_word' id='word_1_165' title='bbox 364 2530 389 2573; x_wconf 90' lang='lat' dir='ltr'>s.</span> <span class='ocrx_word' id='word_1_166' title='bbox 406 2510 549 2575; x_wconf 88' lang='lat' dir='ltr'>Hilarius</span> <span class='ocrx_word' id='word_1_167' title='bbox 565 2509 780 2596; x_wconf 83' lang='lat' dir='ltr'>pictaviensis,</span> <span class='ocrx_word' id='word_1_168' title='bbox 797 2515 870 2573; x_wconf 91' lang='lat' dir='ltr'>ets.</span> <span class='ocrx_word' id='word_1_169' title='bbox 886 2506 1031 2572; x_wconf 90' lang='lat' dir='ltr'>Proclus.</span> <span class='ocrx_word' id='word_1_170' title='bbox 1048 2504 1080 2571; x_wconf 88' lang='lat' dir='ltr'>S.</span> <span class='ocrx_word' id='word_1_171' title='bbox 1101 2505 1157 2571; x_wconf 90' lang='lat' dir='ltr'>Hi-</span> 
     </span>
     <span class='ocr_line' id='line_1_22' title="bbox 96 2609 1157 2698; baseline 0 -22"><span class='ocrx_word' id='word_1_172' title='bbox 96 2609 186 2678; x_wconf 81' lang='lat' dir='ltr'>larius</span> <span class='ocrx_word' id='word_1_173' title='bbox 203 2610 334 2698; x_wconf 87' lang='lat' dir='ltr'>quidem</span> <span class='ocrx_word' id='word_1_174' title='bbox 350 2611 425 2679; x_wconf 93' lang='lat' dir='ltr'>dum</span> <span class='ocrx_word' id='word_1_175' title='bbox 439 2613 497 2685; x_wconf 92' lang='lat' dir='ltr'>lib.</span> <span class='ocrx_word' id='word_1_176' title='bbox 519 2612 554 2678; x_wconf 78' lang='lat' dir='ltr'>l.</span> <span class='ocrx_word' id='word_1_177' title='bbox 568 2615 602 2679; x_wconf 84' lang='lat' dir='ltr'>de</span> <span class='ocrx_word' id='word_1_178' title='bbox 621 2613 732 2679; x_wconf 82' lang='lat' dir='ltr'>Trinit.</span> <span class='ocrx_word' id='word_1_179' title='bbox 749 2635 780 2678; x_wconf 92' lang='lat' dir='ltr'>u.</span> <span class='ocrx_word' id='word_1_180' title='bbox 798 2612 851 2679; x_wconf 81' lang='lat'>13.</span> <span class='ocrx_word' id='word_1_181' title='bbox 873 2612 912 2677; x_wconf 88' lang='lat' dir='ltr'>de</span> <span class='ocrx_word' id='word_1_182' title='bbox 935 2610 1063 2678; x_wconf 92' lang='lat' dir='ltr'>Christo</span> <span class='ocrx_word' id='word_1_183' title='bbox 1078 2609 1157 2676; x_wconf 88' lang='lat' dir='ltr'>scri·</span> 
     </span>
     <span class='ocr_line' id='line_1_23' title="bbox 96 2717 1156 2807; baseline 0.003 -29"><span class='ocrx_word' id='word_1_184' title='bbox 96 2717 197 2799; x_wconf 86' lang='lat' dir='ltr'>pserit:</span> <span class='ocrx_word' id='word_1_185' title='bbox 214 2739 344 2782; x_wconf 75' lang='lat' dir='ltr'>csausu</span> <span class='ocrx_word' id='word_1_186' title='bbox 360 2742 492 2782; x_wconf 74' lang='lat' dir='ltr'>rrccrrr</span> <span class='ocrx_word' id='word_1_187' title='bbox 507 2723 629 2806; x_wconf 84' lang='lat' dir='ltr'>recepit,</span> <span class='ocrx_word' id='word_1_188' title='bbox 643 2729 680 2784; x_wconf 87' lang='lat' dir='ltr'>at</span> <span class='ocrx_word' id='word_1_189' title='bbox 695 2723 899 2807; x_wconf 79' lang='lat' dir='ltr'>assumptione</span> <span class='ocrx_word' id='word_1_190' title='bbox 912 2722 1016 2784; x_wconf 83' lang='lat' dir='ltr'>carnis</span> <span class='ocrx_word' id='word_1_191' title='bbox 1031 2727 1156 2783; x_wconf 88' lang='lat' dir='ltr'>nostrae</span> 
     </span>
     <span class='ocr_line' id='line_1_24' title="bbox 96 2818 1158 2909; baseline 0.003 -28"><span class='ocrx_word' id='word_1_192' title='bbox 96 2818 198 2884; x_wconf 79' lang='lat' dir='ltr'>delicta</span> <span class='ocrx_word' id='word_1_193' title='bbox 214 2819 358 2898; x_wconf 84' lang='lat' dir='ltr'>donaret,</span> <span class='ocrx_word' id='word_1_194' title='bbox 372 2821 445 2886; x_wconf 85' lang='lat' dir='ltr'>dnm</span> <span class='ocrx_word' id='word_1_195' title='bbox 459 2826 523 2886; x_wconf 80' lang='lat' dir='ltr'>eius</span> <span class='ocrx_word' id='word_1_196' title='bbox 533 2825 568 2909; x_wconf 77' lang='lat' dir='ltr'>pe</span> <span class='ocrx_word' id='word_1_197' title='bbox 575 2826 732 2909; x_wconf 80' lang='lat' dir='ltr'>particeps</span> <span class='ocrx_word' id='word_1_198' title='bbox 743 2826 962 2908; x_wconf 80' lang='lat' dir='ltr'>assumptione,</span> <span class='ocrx_word' id='word_1_199' title='bbox 976 2843 1040 2887; x_wconf 90' lang='lat' dir='ltr'>non</span> <span class='ocrx_word' id='word_1_200' title='bbox 1056 2824 1158 2885; x_wconf 90' lang='lat' dir='ltr'>crimi-</span> 
     </span>
     <span class='ocr_line' id='line_1_25' title="bbox 96 2920 1158 3011; baseline 0.007 -27"><span class='ocrx_word' id='word_1_201' title='bbox 96 2920 186 3010; x_wconf 71' lang='lat' dir='ltr'>nell).</span> <span class='ocrx_word' id='word_1_202' title='bbox 201 2923 233 2989; x_wconf 86' lang='lat' dir='ltr'>S.</span> <span class='ocrx_word' id='word_1_203' title='bbox 251 2946 326 2990; x_wconf 87' lang='lat' dir='ltr'>vero</span> <span class='ocrx_word' id='word_1_204' title='bbox 342 2925 475 2991; x_wconf 86' lang='lat' dir='ltr'>Procius</span> <span class='ocrx_word' id='word_1_205' title='bbox 499 2924 860 3011; x_wconf 86' lang='lat' dir='ltr'>constantinopolitanus</span> <span class='ocrx_word' id='word_1_206' title='bbox 882 2925 972 2991; x_wconf 87' lang='lat' dir='ltr'>Orat.</span> <span class='ocrx_word' id='word_1_207' title='bbox 991 2926 1047 2990; x_wconf 88' lang='lat' dir='ltr'>Vl.</span> <span class='ocrx_word' id='word_1_208' title='bbox 1064 2946 1095 2989; x_wconf 91' lang='lat' dir='ltr'>u.</span> <span class='ocrx_word' id='word_1_209' title='bbox 1114 2921 1158 2992; x_wconf 78' lang='lat' dir='ltr'>tt</span> 
     </span>
     <span class='ocr_line' id='line_1_26' title="bbox 100 3028 1159 3118; baseline 0.003 -30"><span class='ocrx_word' id='word_1_210' title='bbox 100 3035 177 3090; x_wconf 80' lang='lat' dir='ltr'>vocat</span> <span class='ocrx_word' id='word_1_211' title='bbox 187 3049 307 3114; x_wconf 91' lang='lat' dir='ltr'>corpus</span> <span class='ocrx_word' id='word_1_212' title='bbox 319 3028 440 3095; x_wconf 87' lang='lat' dir='ltr'>Christi</span> <span class='ocrx_word' id='word_1_213' title='bbox 451 3053 562 3117; x_wconf 87' lang='lat' dir='ltr'>corpus</span> <span class='ocrx_word' id='word_1_214' title='bbox 569 3035 701 3118; x_wconf 65' lang='lat' dir='ltr'>peccata}</span> <span class='ocrx_word' id='word_1_215' title='bbox 711 3029 758 3094; x_wconf 90' lang='lat' dir='ltr'>sic</span> <span class='ocrx_word' id='word_1_216' title='bbox 769 3030 853 3094; x_wconf 91' lang='lat' dir='ltr'>enim</span> <span class='ocrx_word' id='word_1_217' title='bbox 866 3029 1029 3096; x_wconf 87' lang='lat' dir='ltr'>Christum</span> <span class='ocrx_word' id='word_1_218' title='bbox 1038 3031 1075 3094; x_wconf 89' lang='lat' dir='ltr'>B.</span> <span class='ocrx_word' id='word_1_219' title='bbox 1084 3028 1159 3094; x_wconf 86' lang='lat' dir='ltr'>Vir·</span> 
     </span>
     <span class='ocr_line' id='line_1_27' title="bbox 103 3127 1159 3218; baseline 0.002 -26"><span class='ocrx_word' id='word_1_220' title='bbox 103 3127 193 3210; x_wconf 83' lang='lat' dir='ltr'>ginem</span> <span class='ocrx_word' id='word_1_221' title='bbox 215 3130 428 3218; x_wconf 87' lang='lat' dir='ltr'>alloquentem</span> <span class='ocrx_word' id='word_1_222' title='bbox 451 3132 586 3198; x_wconf 82' lang='lat' dir='ltr'>inducit:</span> <span class='ocrx_word' id='word_1_223' title='bbox 608 3131 678 3197; x_wconf 88' lang='lat' dir='ltr'>Nisi</span> <span class='ocrx_word' id='word_1_224' title='bbox 691 3136 725 3198; x_wconf 88' lang='lat' dir='ltr'>in</span> <span class='ocrx_word' id='word_1_225' title='bbox 740 3156 872 3195; x_wconf 77' lang='lat' dir='ltr'>racem</span> <span class='ocrx_word' id='word_1_226' title='bbox 895 3137 1080 3198; x_wconf 80' lang='lat' dir='ltr'>constitutus</span> <span class='ocrx_word' id='word_1_227' title='bbox 1101 3136 1159 3196; x_wconf 86' lang='lat' dir='ltr'>sim</span> 
     </span>
     <span class='ocr_line' id='line_1_28' title="bbox 102 3239 1159 3322; baseline 0.002 -26"><span class='ocrx_word' id='word_1_228' title='bbox 102 3253 221 3298; x_wconf 77' lang='lat' dir='ltr'>marcar</span> <span class='ocrx_word' id='word_1_229' title='bbox 237 3257 329 3322; x_wconf 79' lang='lat' dir='ltr'>eoque</span> <span class='ocrx_word' id='word_1_230' title='bbox 344 3248 495 3322; x_wconf 77' lang='lat' dir='ltr'>tanquam</span> <span class='ocrx_word' id='word_1_231' title='bbox 509 3248 650 3303; x_wconf 81' lang='lat' dir='ltr'>mortuus</span> <span class='ocrx_word' id='word_1_232' title='bbox 666 3241 699 3301; x_wconf 88' lang='lat' dir='ltr'>ia</span> <span class='ocrx_word' id='word_1_233' title='bbox 715 3257 794 3301; x_wconf 85' lang='lat' dir='ltr'>noco</span> <span class='ocrx_word' id='word_1_234' title='bbox 813 3239 944 3303; x_wconf 85' lang='lat' dir='ltr'>recliner</span> <span class='ocrx_word' id='word_1_235' title='bbox 965 3246 1159 3302; x_wconf 80' lang='lat' dir='ltr'>nmnumcnto</span> 
     </span>
     <span class='ocr_line' id='line_1_29' title="bbox 97 3334 1161 3427; baseline 0.003 -28"><span class='ocrx_word' id='word_1_236' title='bbox 97 3345 141 3404; x_wconf 81' lang='lat' dir='ltr'>alc.</span> <span class='ocrx_word' id='word_1_237' title='bbox 154 3334 208 3427; x_wconf 70' lang='lat'>(2).</span> <span class='ocrx_word' id='word_1_238' title='bbox 221 3337 374 3416; x_wconf 87' lang='lat' dir='ltr'>Quinimo</span> <span class='ocrx_word' id='word_1_239' title='bbox 390 3360 415 3403; x_wconf 90' lang='lat' dir='ltr'>s.</span> <span class='ocrx_word' id='word_1_240' title='bbox 433 3341 610 3422; x_wconf 87' lang='lat' dir='ltr'>Gregorius</span> <span class='ocrx_word' id='word_1_241' title='bbox 622 3339 777 3405; x_wconf 88' lang='lat' dir='ltr'>Nuziaur.</span> <span class='ocrx_word' id='word_1_242' title='bbox 801 3341 894 3407; x_wconf 85' lang='lat' dir='ltr'>Orat.</span> <span class='ocrx_word' id='word_1_243' title='bbox 911 3338 964 3406; x_wconf 81' lang='lat'>51.</span> <span class='ocrx_word' id='word_1_244' title='bbox 975 3339 1059 3405; x_wconf 68' lang='lat' dir='ltr'>aaa</span> <span class='ocrx_word' id='word_1_245' title='bbox 1076 3359 1161 3404; x_wconf 88' lang='lat' dir='ltr'>assc-</span> 
     </span>
     <span class='ocr_line' id='line_1_30' title="bbox 101 3440 1161 3529; baseline 0.005 -27"><span class='ocrx_word' id='word_1_246' title='bbox 101 3461 160 3507; x_wconf 89' lang='lat' dir='ltr'>rcrc</span> <span class='ocrx_word' id='word_1_247' title='bbox 171 3463 235 3506; x_wconf 91' lang='lat' dir='ltr'>uon</span> <span class='ocrx_word' id='word_1_248' title='bbox 247 3440 449 3520; x_wconf 68' lang='lat' dir='ltr'>subitarias</span> <span class='ocrx_word' id='word_1_249' title='bbox 466 3440 573 3507; x_wconf 88' lang='lat' dir='ltr'>Verbo</span> <span class='ocrx_word' id='word_1_250' title='bbox 592 3449 787 3529; x_wconf 82' lang='lat' dir='ltr'>assumptam</span> <span class='ocrx_word' id='word_1_251' title='bbox 807 3465 876 3508; x_wconf 84' lang='lat' dir='ltr'>csse</span> <span class='ocrx_word' id='word_1_252' title='bbox 896 3465 1020 3508; x_wconf 85' lang='lat' dir='ltr'>caruem</span> <span class='ocrx_word' id='word_1_253' title='bbox 1033 3443 1161 3507; x_wconf 88' lang='lat' dir='ltr'>damna-</span> 
     </span>
    </p>
   </div>
   <div class='ocr_carea' id='block_1_6' title="bbox 95 3672 1161 4252">
    <p class='ocr_par' dir='ltr' id='par_1_6' title="bbox 95 3672 1161 4252">
     <span class='ocr_line' id='line_1_31' title="bbox 124 3672 1160 3745; baseline -0.003 -15"><span class='ocrx_word' id='word_1_254' title='bbox 124 3675 153 3745; x_wconf 76' lang='lat' dir='ltr'>tll</span> <span class='ocrx_word' id='word_1_255' title='bbox 162 3680 229 3744; x_wconf 79' lang='lat' dir='ltr'>opp.</span> <span class='ocrx_word' id='word_1_256' title='bbox 236 3676 591 3730; x_wconf 79' lang='lat' dir='ltr'>edit-coustant.tom.11.col.</span> <span class='ocrx_word' id='word_1_257' title='bbox 644 3681 680 3727; x_wconf 87' lang='lat' dir='ltr'>te:</span> <span class='ocrx_word' id='word_1_258' title='bbox 688 3672 862 3744; x_wconf 76' lang='lat' dir='ltr'>Defendimus</span> <span class='ocrx_word' id='word_1_259' title='bbox 873 3681 962 3731; x_wconf 86' lang='lat' dir='ltr'>autem</span> <span class='ocrx_word' id='word_1_260' title='bbox 973 3691 1025 3729; x_wconf 87' lang='lat' dir='ltr'>nan</span> <span class='ocrx_word' id='word_1_261' title='bbox 1037 3687 1160 3729; x_wconf 77' lang='lat' dir='ltr'>curnam</span> 
     </span>
     <span class='ocr_line' id='line_1_32' title="bbox 95 3752 1160 3830; baseline 0 -18"><span class='ocrx_word' id='word_1_262' title='bbox 95 3752 216 3830; x_wconf 60' lang='lat' dir='ltr'>liaustu</span> <span class='ocrx_word' id='word_1_263' title='bbox 228 3763 394 3815; x_wconf 75' lang='lat' dir='ltr'>inlocumcl.</span> <span class='ocrx_word' id='word_1_264' title='bbox 407 3764 592 3816; x_wconf 84' lang='lat' dir='ltr'>notsmoruditi</span> <span class='ocrx_word' id='word_1_265' title='bbox 645 3773 771 3814; x_wconf 78' lang='lat' dir='ltr'>ruccsrr</span> <span class='ocrx_word' id='word_1_266' title='bbox 787 3766 941 3814; x_wconf 82' lang='lat' dir='ltr'>evacuatam</span> <span class='ocrx_word' id='word_1_267' title='bbox 962 3776 980 3812; x_wconf 88' lang='lat' dir='ltr'>e</span> <span class='ocrx_word' id='word_1_268' title='bbox 990 3774 1018 3812; x_wconf 89' lang='lat' dir='ltr'>ss</span> <span class='ocrx_word' id='word_1_269' title='bbox 1036 3759 1064 3812; x_wconf 89' lang='lat' dir='ltr'>in</span> <span class='ocrx_word' id='word_1_270' title='bbox 1079 3756 1160 3812; x_wconf 71' lang='lat' dir='ltr'>Cleri-</span> 
     </span>
     <span class='ocr_line' id='line_1_33' title="bbox 95 3842 1161 3914; baseline -0.007 -13"><span class='ocrx_word' id='word_1_271' title='bbox 95 3851 200 3903; x_wconf 83' lang='lat' dir='ltr'>ulitoris.</span> <span class='ocrx_word' id='word_1_272' title='bbox 212 3848 252 3900; x_wconf 83' lang='lat' dir='ltr'>Cl.</span> <span class='ocrx_word' id='word_1_273' title='bbox 263 3849 356 3912; x_wconf 84' lang='lat' dir='ltr'>pariter</span> <span class='ocrx_word' id='word_1_274' title='bbox 366 3849 476 3900; x_wconf 84' lang='lat' dir='ltr'>ciusdem</span> <span class='ocrx_word' id='word_1_275' title='bbox 487 3848 591 3899; x_wconf 83' lang='lat' dir='ltr'>editoris</span> <span class='ocrx_word' id='word_1_276' title='bbox 642 3856 693 3914; x_wconf 84' lang='lat' dir='ltr'>sto,</span> <span class='ocrx_word' id='word_1_277' title='bbox 701 3842 749 3897; x_wconf 85' lang='lat' dir='ltr'>scd</span> <span class='ocrx_word' id='word_1_278' title='bbox 759 3850 894 3914; x_wconf 89' lang='lat' dir='ltr'>peccatum</span> <span class='ocrx_word' id='word_1_279' title='bbox 905 3844 1002 3910; x_wconf 73' lang='lat' dir='ltr'>carnin</span> <span class='ocrx_word' id='word_1_280' title='bbox 1014 3857 1069 3896; x_wconf 90' lang='lat' dir='ltr'>nan</span> <span class='ocrx_word' id='word_1_281' title='bbox 1077 3846 1161 3895; x_wconf 87' lang='lat' dir='ltr'>matc-</span> 
     </span>
     <span class='ocr_line' id='line_1_34' title="bbox 95 3926 1160 4002; baseline -0.009 -13"><span class='ocrx_word' id='word_1_282' title='bbox 95 3935 193 3998; x_wconf 71' lang='lat' dir='ltr'>srsetst·</span> <span class='ocrx_word' id='word_1_283' title='bbox 202 3930 230 4002; x_wconf 79' lang='lat' dir='ltr'>S.</span> <span class='ocrx_word' id='word_1_284' title='bbox 240 3931 297 3984; x_wconf 85' lang='grc' dir='ltr'><strong>1.ιι.</strong></span> <span class='ocrx_word' id='word_1_285' title='bbox 306 3928 352 4000; x_wconf 85' lang='lat'>50,</span> <span class='ocrx_word' id='word_1_286' title='bbox 360 3938 385 3984; x_wconf 88' lang='lat' dir='ltr'>et</span> <span class='ocrx_word' id='word_1_287' title='bbox 391 3927 433 3986; x_wconf 78' lang='lat'>51.</span> <span class='ocrx_word' id='word_1_288' title='bbox 443 3947 499 3999; x_wconf 79' lang='lat' dir='ltr'>pag.</span> <span class='ocrx_word' id='word_1_289' title='bbox 507 3933 590 3998; x_wconf 82' lang='lat' dir='ltr'>XV113</span> <span class='ocrx_word' id='word_1_290' title='bbox 643 3929 912 3997; x_wconf 70' lang='lat' dir='ltr'>ramesiensium</span> <span class='ocrx_word' id='word_1_291' title='bbox 922 3944 974 3982; x_wconf 89' lang='lat' dir='ltr'>nau</span> <span class='ocrx_word' id='word_1_292' title='bbox 985 3926 1160 3982; x_wconf 81' lang='lat' dir='ltr'>substantiam</span> 
     </span>
     <span class='ocr_line' id='line_1_35' title="bbox 95 4014 822 4085; baseline -0.007 -11"><span class='ocrx_word' id='word_1_293' title='bbox 95 4023 130 4073; x_wconf 79' lang='lat' dir='ltr'>ihi</span> <span class='ocrx_word' id='word_1_294' title='bbox 139 4023 210 4074; x_wconf 80' lang='lat' dir='ltr'>inter</span> <span class='ocrx_word' id='word_1_295' title='bbox 218 4027 304 4073; x_wconf 82' lang='lat' dir='ltr'>astera</span> <span class='ocrx_word' id='word_1_296' title='bbox 313 4021 338 4072; x_wconf 91' lang='lat' dir='ltr'>in</span> <span class='ocrx_word' id='word_1_297' title='bbox 347 4034 400 4072; x_wconf 83' lang='lat' dir='ltr'>rem</span> <span class='ocrx_word' id='word_1_298' title='bbox 408 4014 521 4072; x_wconf 84' lang='lat' dir='ltr'>nostrsui</span> <span class='ocrx_word' id='word_1_299' title='bbox 532 4033 596 4083; x_wconf 80' lang='lat' dir='ltr'>pro-</span> <span class='ocrx_word' id='word_1_300' title='bbox 648 4016 696 4071; x_wconf 76' lang='lat' dir='ltr'>sed</span> <span class='ocrx_word' id='word_1_301' title='bbox 707 4015 822 4085; x_wconf 76' lang='lat' dir='ltr'>scalpam.</span> 
     </span>
     <span class='ocr_line' id='line_1_36' title="bbox 95 4095 1159 4170; baseline -0.008 -11"><span class='ocrx_word' id='word_1_302' title='bbox 95 4106 135 4159; x_wconf 81' lang='lat' dir='ltr'>hrt</span> <span class='ocrx_word' id='word_1_303' title='bbox 146 4108 257 4162; x_wconf 82' lang='lat' dir='ltr'>similem</span> <span class='ocrx_word' id='word_1_304' title='bbox 268 4107 368 4170; x_wconf 80' lang='lat' dir='ltr'>phrasin</span> <span class='ocrx_word' id='word_1_305' title='bbox 384 4121 416 4159; x_wconf 84' lang='lat' dir='ltr'>ex</span> <span class='ocrx_word' id='word_1_306' title='bbox 436 4104 594 4158; x_wconf 84' lang='lat' dir='ltr'>Tertulliano</span> <span class='ocrx_word' id='word_1_307' title='bbox 681 4095 719 4170; x_wconf 70' lang='lat' dir='ltr'>(lp</span> <span class='ocrx_word' id='word_1_308' title='bbox 727 4104 756 4152; x_wconf 86' lang='lat' dir='ltr'>lu</span> <span class='ocrx_word' id='word_1_309' title='bbox 766 4099 895 4158; x_wconf 76' lang='lat' dir='ltr'>Battara.</span> <span class='ocrx_word' id='word_1_310' title='bbox 909 4101 1032 4152; x_wconf 80' lang='lat' dir='ltr'>Gallaudii</span> <span class='ocrx_word' id='word_1_311' title='bbox 1043 4103 1104 4150; x_wconf 79' lang='lat' dir='ltr'>tom.</span> <span class='ocrx_word' id='word_1_312' title='bbox 1116 4099 1159 4151; x_wconf 76' lang='lat' dir='ltr'>lx.</span> 
     </span>
     <span class='ocr_line' id='line_1_37' title="bbox 95 4180 763 4252; baseline -0.006 -11"><span class='ocrx_word' id='word_1_313' title='bbox 95 4188 157 4242; x_wconf 79' lang='lat' dir='ltr'>ihi.</span> <span class='ocrx_word' id='word_1_314' title='bbox 168 4189 203 4244; x_wconf 82' lang='lat' dir='ltr'>de</span> <span class='ocrx_word' id='word_1_315' title='bbox 212 4203 292 4243; x_wconf 87' lang='lat' dir='ltr'>carne</span> <span class='ocrx_word' id='word_1_316' title='bbox 304 4186 405 4245; x_wconf 82' lang='lat' dir='ltr'>Christi</span> <span class='ocrx_word' id='word_1_317' title='bbox 411 4184 480 4241; x_wconf 82' lang='lat' dir='ltr'>ulii.</span> <span class='ocrx_word' id='word_1_318' title='bbox 490 4189 598 4241; x_wconf 83' lang='lat' dir='ltr'>scriben-</span> <span class='ocrx_word' id='word_1_319' title='bbox 650 4201 691 4252; x_wconf 86' lang='lat' dir='ltr'>pa.</span> <span class='ocrx_word' id='word_1_320' title='bbox 702 4180 763 4239; x_wconf 78' lang='lat'>642.</span> 
     </span>
    </p>
   </div>
   <div class='ocr_carea' id='block_1_7' title="bbox 1204 2200 1386 2552">
    <p class='ocr_par' dir='ltr' id='par_1_7' title="bbox 1204 2200 1386 2552">
     <span class='ocr_line' id='line_1_38' title="bbox 1241 2200 1380 2249; baseline 0.007 -1"><span class='ocrx_word' id='word_1_321' title='bbox 1241 2200 1328 2248; x_wconf 77' lang='lat' dir='ltr'>Patres</span> <span class='ocrx_word' id='word_1_322' title='bbox 1340 2200 1380 2249; x_wconf 92' lang='lat' dir='ltr'>ia·</span> 
     </span>
     <span class='ocr_line' id='line_1_39' title="bbox 1206 2272 1381 2321; baseline 0.006 -1"><span class='ocrx_word' id='word_1_323' title='bbox 1206 2272 1381 2321; x_wconf 81' lang='lat' dir='ltr'>terdumrocs·</span> 
     </span>
     <span class='ocr_line' id='line_1_40' title="bbox 1204 2339 1381 2392; baseline 0 0"><span class='ocrx_word' id='word_1_324' title='bbox 1204 2345 1265 2392; x_wconf 89' lang='lat' dir='ltr'>runt</span> <span class='ocrx_word' id='word_1_325' title='bbox 1288 2339 1381 2392; x_wconf 82' lang='lat' dir='ltr'>Christi</span> 
     </span>
     <span class='ocr_line' id='line_1_41' title="bbox 1205 2424 1382 2464; baseline 0.006 -2"><span class='ocrx_word' id='word_1_326' title='bbox 1205 2425 1306 2463; x_wconf 82' lang='lat' dir='ltr'>curnem</span> <span class='ocrx_word' id='word_1_327' title='bbox 1321 2424 1382 2464; x_wconf 82' lang='lat' dir='ltr'>car-</span> 
     </span>
     <span class='ocr_line' id='line_1_42' title="bbox 1206 2481 1386 2552; baseline -0.017 -15"><span class='ocrx_word' id='word_1_328' title='bbox 1206 2496 1265 2537; x_wconf 87' lang='lat' dir='ltr'>nem</span> <span class='ocrx_word' id='word_1_329' title='bbox 1281 2481 1386 2552; x_wconf 85' lang='lat' dir='ltr'>peccati</span> 
     </span>
    </p>
   </div>
   <div class='ocr_carea' id='block_1_8' title="bbox 0 0 1419 4904">
    <p class='ocr_par' dir='ltr' id='par_1_8' title="bbox 0 0 1419 4904">
     <span class='ocr_line' id='line_1_43' title="bbox 0 0 1419 4904; baseline 0 0"><span class='ocrx_word' id='word_1_330' title='bbox 0 0 1419 4904; x_wconf 95' lang='lat' dir='ltr'> </span> 
     </span>
    </p>
   </div>
  </div>
 </body>
</html>
