2828 4904
56 1960 230 2057 teneris,
257 1983 410 2040 acram
427 1972 467 2037 et
485 1954 667 2037 aiimmm
692 1961 857 2042 animos
881 1984 1008 2042 carae
1038 1977 1133 2043 tuae

63 2085 324 2169 concreditos
351 2084 408 2165 ad
434 2083 546 2165 lianc
569 2088 837 2166 tenerrimam
865 2087 1131 2171 dilectionem

55 2212 317 2327 infornmre,
336 2213 416 2297 bae
435 2213 536 2296 ilios
553 2210 750 2317 imbuere,
770 2215 827 2332 ad
846 2215 1044 2299 banacas
1065 2243 1131 2300 ea·

56 2351 190 2431 citare
217 2364 342 2456 atqae
372 2345 644 2462 inflammare
672 2345 900 2429 studueris.
937 2344 1021 2448 Qni
1050 2354 1134 2456 qai

57 2477 152 2560 dem
172 2480 310 2558 animi
318 2474 477 2590 fervor
494 2480 544 2558 in
565 2477 653 2559 Dei
668 2476 852 2560 Parente
873 2479 1133 2579 veneranda,

54 2624 181 2715 atque
200 2611 249 2687 in
270 2610 362 2688 eins
382 2606 500 2688 calta
514 2605 812 2717 amplfficanda
831 2607 963 2690 arder
981 2623 1069 2689 tam
1084 2611 1133 2688 in

65 2736 123 2818 Te
141 2732 315 2848 effialsit
334 2736 615 2845 splendidior,
636 2762 731 2816 cnm
758 2738 991 2848 episcopali
1015 2763 1134 2820 orna-

60 2867 529 2978 tnsdiqnitatejiiiolas,
541 2894 640 2975 qaas
661 2864 758 2947 Tibi
772 2869 1135 2951 commendaverat

61 2996 273 3098 Ecclesia,
283 2997 390 3079 lacte
400 2996 627 3079 Marianae
641 2993 996 3109 pietatisfavebas
1011 3015 1133 3108 atque

63 3125 284 3211 edneabas.
307 3127 444 3235 Atqaa
467 3128 568 3210 baec
592 3145 663 3209 tna
684 3126 1054 3238 obsequentissima
1080 3131 1130 3209 in

61 3283 321 3338 commanem
352 3255 680 3338 christianornm
714 3257 897 3340 Matrem
928 3263 1064 3368 pietas
1093 3260 1134 3342 si

57 3391 110 3477 in
139 3390 294 3469 ceteris
323 3385 446 3468 illins
466 3386 654 3469 calendis
673 3389 984 3498 praerayativis
1004 3386 1134 3470 elnae·

54 3512 138 3616 bat,
164 3541 213 3597 ea
239 3520 290 3597 in
318 3515 576 3597 immaculati
608 3514 843 3624 Conceptus
860 3520 1131 3599 veneratione

53 3640 364 3727 exardescebat.
392 3643 501 3727 Istoc
531 3648 643 3727 enim
683 3662 766 3727 tam
792 3647 882 3728 Dei
915 3639 1130 3728 Genitriai

54 3774 270 3877 decoram,
297 3791 381 3855 tam
400 3775 525 3859 dniee
544 3805 595 3858 ac
619 3777 854 3858 incandam
881 3776 1128 3860 christianis

55 3901 250 3986 omnibns
267 3904 543 4016 priniieyinm
567 3906 780 4038 sinyaiari
799 3933 962 4018 semper
990 3913 1054 4018 aa
1064 3932 1133 4017 pe·
1176 3913 1181 3921 ’

61 4039 142 4115 nita
173 4039 336 4118 amaris
364 4062 490 4117 sensa
521 4063 607 4118 nan
636 4037 755 4118 mado
789 4064 835 4120 es
859 4054 1131 4148 presentatus,

52 4189 208 4247 annm
233 4182 273 4247 et
297 4163 550 4275 praedicare
579 4182 619 4248 et
647 4165 868 4249 colendam
895 4166 1131 4276 propinare
