2828 4904
496 396 540 410 -
555 359 618 425 261
637 395 680 409 -

86 439 114 548 17
137 482 258 549 Montis
275 481 404 568 Regalis
433 477 530 549 diel.
549 476 744 565 Septembris
764 473 859 545 1816.
882 476 1020 541 Instante
1037 478 1118 543 Rmo

136 589 400 676 Arebiepiscopo.

86 691 348 759 1.8(]οιιοοιάἱθιι
375 689 426 756 die
454 687 506 755 ·.11
527 674 721 776 Septembris
749 683 846 755 1816.
877 688 1017 752 Instante
1039 689 1118 752 Ilmo

135 797 310 884 Episcopo.

86 900 113 968 9
135 901 330 966 Fabrranen
344 907 377 965 et
392 897 596 966 Matbeliceu.
614 895 665 962 dre
679 893 731 960 11
743 894 938 983 Septembris
955 892 1051 965 1816.
1071 897 1120 990 Ιιι-
1208 924 1212 932 ·

135 1013 241 1069 stante
257 1005 339 1069 Ilmo
355 1003 524 1089 Episcopo.

86 1103 111 1175 11
135 1101 1119 1191 Suesson.dieEO.NovembrisI8lb.lnstautellmoEpiscopo.

86 1209 112 1277 11
136 1212 305 1277 Monesen.
323 1217 355 1275 et
377 1209 557 1294 Frisingen.
583 1206 634 1273 die
650 1207 705 1272 27.
732 1206 922 1273 Novembris
946 1203 1042 1275 1816.
1071 1210 1119 1274 ln-

134 1320 240 1379 stante
256 1315 338 1378 Rmo
353 1313 524 1400 Episcopo.

86 1419 114 1485 12
135 1417 320 1506 Leopolien.
339 1415 391 1482 die
407 1415 460 1483 29.
479 1414 668 1483 Novembris
685 1404 782 1482 1816.

86 1523 113 1589 13
138 1522 332 1589 Primislien.
349 1520 401 1588 die
416 1520 470 1587 29.
487 1517 676 1587 Novembris
692 1515 790 1586 1186.
804 1521 944 1584 Instante
956 1521 1037 1585 Rmo
1060 1524 1120 1584 Αι-

134 1626 340 1714 chiepiseopo
355 1624 537 1712 Leopolien.

86 1727 113 1801 11
135 1730 294 1816 Rugusiu.
311 1728 489 1796 Marianon.
503 1737 536 1792 et
551 1726 727 1792 Tribunen.
746 1726 797 1792 die
813 1724 844 1791 8.
860 1724 1004 1790 Ianuarii
1021 1720 1117 1794 1817.

136 1835 278 1899 Instante
294 1833 375 1898 Ilmo
390 1832 560 1918 Episcopo.

86 1937 110 2006 15
134 1937 334 2005 Brundusio.
361 1943 395 2002 et
416 1936 571 2002 Ostunen.
585 1933 854 2001 lislebonam
867 1930 1117 2001 l8li.lnstante

136 2043 221 2107 Rmo
236 2041 407 2127 Episcopo.

86 2146 112 2212 6
137 2146 287 2213 Geneten.
301 2144 353 2211 die
366 2143 418 2211 15.
432 2145 575 2210 Ianuarii
589 2140 686 2212 1817.
701 2144 841 2229 Instante
854 2145 934 2209 Rmo
945 2142 1115 2229 Episcopo.

86 2249 111 2316 Ι7
136 2248 251 2316 Elneu.
269 2248 320 2313 die
336 2249 390 2314 22.
406 2249 551 2315 Ianuarii
568 2244 665 2316 1817.
683 2249 824 2313 Instante
850 2249 931 2311 Rmo
948 2246 1117 2331 Episcopo.

86 2354 110 2423 8
136 2354 269 2422 Nullius
293 2357 407 2422 Bareu.
425 2354 478 2421 die
493 2353 547 2421 12.
565 2353 677 2420 Martii
690 2351 787 2422 1817.
808 2354 948 2417 Instante
961 2353 1042 2416 Rmo
1058 2349 1119 2415 Or-

135 2456 272 2523 (linario.

87 2561 109 2629 9
135 2560 295 2626 Basilicas
310 2556 416 2628 Sancti
433 2562 559 2628 Nicolai
574 2564 689 2628 Baren.
707 2561 759 2627 die
776 2559 830 2627 12.
844 2560 957 2627 Martii
975 2556 1072 2655 1817.
1185 2595 1210 2659 j

86 2661 110 2733 0
135 2664 272 2732 Durien.
289 2675 322 2731 et
347 2688 372 2730 s.
391 2666 512 2733 Gellcn.
537 2666 588 2733 die
607 2667 637 2732 7.
656 2666 737 2734 Maii
753 2663 850 2735 1817.
879 2666 1020 2730 Instante
1039 2665 1119 2730 Ilmo
1186 2662 1206 2723 t

137 2767 307 2855 Episcopo.

375 2977 798 3044 ADNOTATIO

140 3170 229 3246 Quas
251 3171 394 3257 episcopi
416 3170 645 3258 Hispaniarum
664 3171 917 3236 studiosissimus
932 3171 1120 3258 postulatio·

86 3293 107 3336 s
132 3273 294 3358 superiori
318 3272 427 3338 seculo
450 3274 537 3361 apud
552 3276 768 3365 Apostolicam
789 3274 902 3340 Sedem
922 3274 1123 3363 interposue-

86 3382 119 3440 nt
141 3397 200 3463 pro
222 3378 425 3444 immaculato
449 3382 485 3445 B.
510 3382 634 3447 Mariae
649 3380 794 3466 Virginis
811 3380 975 3468 Conceptu
996 3380 1123 3465 dogma·

86 3500 113 3543 :e
129 3477 327 3560 deliniendo,
348 3502 409 3548 suo
425 3483 495 3549 loco
510 3482 634 3550 (lictum
650 3506 669 3550 a
684 3483 776 3551 nobis
792 3492 842 3551 est
858 3481 940 3572 (pag.
957 3482 1122 3572 2213111.

89 3580 112 3646 d
135 3581 195 3648 bac
217 3584 288 3670 ipsa
304 3592 409 3651 aetate
430 3597 541 3653 nostra
557 3609 620 3654 non
639 3587 736 3675 pauci
759 3610 776 3653 e
801 3588 937 3656 diversis
960 3587 1068 3673 regnis
1084 3609 1123 3653 ac
1175 3638 1177 3642 .

86 3685 222 3753 omneiis
245 3689 388 3776 episcopi
411 3691 572 3779 supplices
594 3691 635 3757 ad
657 3692 800 3758 eamdem
823 3693 937 3761 Sedem
961 3691 1122 3778 Apostoli-

86 3812 120 3854 m
144 3789 260 3856 dedere
283 3791 426 3874 libellos,
443 3794 565 3882 quibus
587 3796 682 3862 enixe
705 3796 745 3862 ab
768 3819 805 3862 ca
829 3797 1063 3882 efflagitarunt,
1087 3803 1125 3861 ut

86 3892 267 3976 igmatieum
290 3893 448 3960 eiusmodi
472 3894 638 3960 decretum
661 3897 755 3964 edere
779 3898 978 3983 dignaretur.
1000 3899 1124 3962 Horum

88 4015 144 4058 rro
178 3993 382 4076 libellorum,
414 4019 498 4084 quae
528 3998 598 4085 ipse
632 4000 753 4088 perlegi
784 3999 983 4087 autographa
1012 4005 1124 4084 extant

90 4096 136 4162 ud
151 4118 276 4163 sacram
297 4100 581 4186 Congregationem
604 4104 724 4173 ritibus
748 4103 875 4170 tuendis
892 4102 1122 4189 praepositam:

86 4221 195 4287 »taque
213 4199 247 4264 lit
262 4202 295 4266 in
313 4201 382 4270 dies
397 4203 462 4269 illis
479 4206 632 4273 accessio.
