2828 4904
520 389 563 404 -
579 345 643 417 ll5
659 384 703 399 -

84 473 162 536 ‚nnn
192 471 247 537 illa
270 470 401 557 dignior
425 482 594 551 consetur,
619 469 705 557 quod
732 469 824 553 longe
847 469 982 555 potioris
1002 467 1170 573 beneficii·

85 578 210 664 periero
235 573 444 664 praeseferat.

162 679 291 744 Exinde
313 679 411 743 etiam
434 679 486 743 ria
509 685 683 765 patetque
706 684 904 763 postremum
927 682 1152 762 argumentum

1220 696 1382 759 Quartomex

84 782 249 848 stellatur
275 782 440 868 Siquidem
468 802 541 846 cum
565 790 688 848 veteres
714 780 857 845 unanimi
876 782 1084 847 consensione
1107 780 1154 846 ai·-
1204 768 1320 819 ‘¹⁰⁰“ll‘
1338 782 1384 821 ’θ’

84 879 278 962 irmarerint,
296 883 401 949 solum
425 885 590 950 Christum
613 884 682 947 sine
697 891 828 969 peccato
851 903 921 947 osse
944 891 1152 970 conceptum,¹

84 1011 109 1053 o
130 986 219 1077 quod
235 1009 299 1053 non
315 985 416 1053 fuerit
439 1009 577 1053 sexuum
593 987 807 1075 permixtione
830 987 1031 1073 progenitus,
1049 1008 1154 1075 neque

84 1093 144 1157 rius
159 1112 290 1157 carnem
304 1091 413 1157 vocari
426 1112 518 1178 posse
534 1111 661 1155 carnem
674 1090 798 1176 peccati
811 1088 915 1175 (secus
930 1111 966 1154 ac
983 1087 1022 1154 de
1036 1093 1072 1155 ll.
1082 1090 1157 1156 vin

84 1196 151 1279 gine
174 1193 339 1273 dixerint,
366 1194 464 1258 cuius
485 1194 583 1258 etiam
606 1214 681 1256 caro
705 1192 862 1279 appellata
886 1201 934 1257 cst
955 1214 1030 1258 coro
1046 1214 1157 1281 pecco·

84 1306 104 1363 fs'
112 1295 137 1386 ις
155 1299 218 1364 hoc
231 1299 305 1385 ipso
320 1297 471 1384 sequitur
487 1296 567 1360 hanc
583 1296 727 1361 debitum
744 1297 868 1383 peccati
883 1297 1098 1375 contraxisse,
1115 1318 1156 1362 cx

84 1420 173 1468 earne
201 1403 327 1489 peccati
351 1401 454 1494 luisse
474 1409 677 1487 conceptam,
701 1399 846 1487 adeoque
874 1398 1091 1488 redemptione
1109 1400 1158 1465 in·
1178 1418 1180 1425 ·

84 1498 234 1591 ffiguisse,
258 1524 324 1589 qua
348 1522 410 1566 non
432 1499 526 1567 modo
543 1501 691 1567 Christus
717 1522 780 1565 ιιοιι
801 1501 903 1586 eguit,
928 1500 983 1566 sed
1002 1523 1041 1567 ne
1064 1522 1159 1589 egere

84 1605 208 1697 guidem
231 1606 354 1694 potuit,
371 1625 446 1671 cum
469 1605 556 1670 solus
580 1606 623 1669 sit
644 1604 787 1670 omnium
810 1603 1003 1692 redemptor.
1024 1607 1082 1672 llis
1097 1606 1159 1693 igi·

84 1720 130 1778 hr-
157 1708 314 1777 omnibus
343 1709 672 1795 receptinnnaestio
702 1708 742 1773 ad
773 1707 1002 1794 redemptionis
1028 1710 1160 1776 modum

84 1812 249 1892 relabitur,
274 1833 340 1899 quo
362 1814 400 1877 B.
418 1813 519 1898 Virgo
535 1833 553 1876 a
569 1819 700 1899 peccato
723 1812 875 1877 immunis
894 1821 1019 1878 servata
1039 1820 1099 1892 est,
1119 1811 1160 1878 de

84 1916 257 2007 guo-poulo
275 1924 348 1980 ante
364 1915 518 1980 diximus.
537 1914 694 2000 Sequitur
710 1922 878 2000 praetcrea
892 1915 1004 2002 ingens
1027 1937 1065 1980 ac
1079 1937 1161 2002 pene

84 2018 237 2089 mom
262 2019 461 2083 intercedere
483 2018 657 2083 discrimen
680 2018 765 2083 inter
789 2020 956 2098 rationem,
980 2041 1045 2107 qua
1069 2019 1161 2086 Glrri·

84 2130 153 2191 ns
168 2123 325 2189 immunis
349 2144 367 2186 a
390 2131 521 2209 peceato
548 2121 668 2200 extitit,
692 2129 725 2185 et
749 2142 819 2185 earn
845 2143 911 2208 qua
929 2123 1031 2209 Virgo
1053 2123 1161 2190 Maria

84 2234 224 2315 empta
247 2224 330 2303 init,
354 2246 458 2311 neque
481 2225 655 2311 utriusque
678 2223 892 2290 conditionem
916 2226 1068 2312 aequari,
1085 2246 1160 2290 oum

1206 843 1299 891 ισιιιιιι.
1291 860 1332 909 ..

84 2330 242 2417 Uirgo
271 2329 423 2395 immunis
444 2326 485 2394 ab
520 2329 672 2425 originali
695 2349 778 2394 noxa
802 2326 986 2395 adstruitur
1008 2350 1046 2395 ac
1069 2350 1161 2416 prae·
1374 2343 1381 2365 ⁸

84 2432 219 2503 dicatur.

164 2539 262 2617 Quae
285 2557 359 2601 cum
382 2537 427 2601 ita
449 2535 513 2601 sint
528 2534 622 2601 lacile
647 2536 823 2624 colligitur,
840 2536 930 2603 nulla
946 2534 1055 2602 abhis
1076 2534 1162 2601 theo-

84 2634 159 2725 bgis
172 2646 366 2725 argumenta
389 2636 514 2716 afferri,
534 2659 617 2725 quae
638 2639 860 2706 ineluctabilia
881 2641 955 2719 sint,
980 2647 1014 2705 ct
1034 2639 1069 2703 in
1090 2640 1164 2726 qui·

84 2734 145 2809 Ιιι·
159 2741 366 2808 commodum
390 2762 452 2806 non
476 2750 584 2829 pateat
606 2743 779 2829 effugium,
803 2745 868 2809 imo
890 2765 966 2812 vero
992 2743 1091 2809 etiam
1114 2744 1163 2809 so·

84 2818 175 3015 ἐκ
189 2845 336 2932 adeoquo
358 2844 445 2909 haud
465 2845 527 2910 rite
551 2846 591 2910 ab
614 2846 665 2911 his
689 2844 794 2934 aptari
811 2848 884 2936 piae
909 2848 1086 2914 sententiae
1107 2868 1163 2933 pa·

150 2947 334 3014 iuratoribus
350 2947 528 3033 Augustini
543 2949 652 3028 verba,
670 2971 744 3014 cum
761 2972 920 3039 saneque
943 2957 1040 3029 miro,
1057 2971 1162 3037 neque

84 3056 173 3129 ¹sotto,
186 3051 291 3117 multo
306 3072 382 3117 vero
398 3053 506 3116 minus
521 3054 605 3137 salso
621 3053 697 3133 sint,
715 3074 798 3140 quae
815 3055 848 3119 in
864 3055 938 3142 piae
955 3074 1072 3121 causae
1088 3052 1164 3118 sub·

84 3152 233 3245 lidium'
223 3154 298 3273 apsi·
311 3153 488 3219 adducunt.

84 3258 102 3291 ¹¹
136 3257 274 3337 Quod
248 3277 277 3322 ιι
288 3279 352 3322 ram
364 3279 465 3324 acrem
476 3260 592 3323 mentis
604 3258 645 3323 ad
656 3268 844 3344 argumenta
857 3270 1080 3328 convertamus
1092 3278 1165 3349 qur

84 3354 145 3427 'alos
166 3368 309 3427 utuntur
330 3362 403 3449 piae
430 3362 605 3427 sententiae
621 3373 887 3449 propugnatores,
903 3365 1028 3453 patebit
1042 3388 1080 3431 ea
1100 3386 1164 3430 non

86 3458 236 3530 ltelacile
252 3463 330 3529 elidi
351 3482 455 3550 posse.
481 3465 561 3530 Sane
585 3467 731 3550 quamvis
751 3459 878 3533 nonnisi
902 3470 1164 3555 congruentiam,

98 3582 142 3632 ιιι
152 3568 329 3635 decentiam
342 3567 572 3656 praeseferant,
584 3570 743 3636 eiusmodi
756 3579 861 3636 tamen
874 3580 960 3651 sunt,
974 3581 1011 3639 ut
1024 3580 1165 3661 spectata

100 3674 237 3739 'consueta
260 3672 322 3737 Dei
345 3672 460 3758 agendi
482 3675 619 3751 ratione,
636 3674 692 3739 vix
714 3696 783 3739 rem
805 3696 869 3740 non
896 3677 1062 3754 evincunt,
1095 3697 1169 3762 per⁴

96 3878 408 3945 lrltsconclpicturenimc
417 3881 443 3930 in
458 3881 598 3944 corpusio-
651 3889 838 3944 componuntur
850 3886 1007 3949 qusespeote
1020 3888 1094 3934 tenus
1111 3885 1170 3948 piae·

84 3952 143 4034 illu,
155 3977 238 4031 qoem
248 3965 331 4027 gratia
341 3969 456 4034 ornate,
458 3978 516 4022 nam
526 3965 597 4028 prius
651 3966 778 4025 contraria
787 3969 929 4031 sententiae
941 3969 967 4018 in
979 3981 1000 4018 s.
1011 3965 1108 4018 Thomu
1126 3981 1168 4019 es·
1191 3963 1193 3968 ⁴

86 4054 116 4102 ιιι
135 4066 193 4105 esse
212 4063 291 4114 quam
311 4042 436 4116 sanctific
437 4047 480 4100 ri.
502 4050 597 4099 Verum
652 4063 679 4098 se
698 4051 825 4119 ridentur,
843 4067 874 4102 ex
893 4053 1024 4115 perspicue
1043 4052 1169 4103 celebrio-

86 4132 204 4190 tlosmodi
218 4133 338 4197 prioritas
351 4133 412 4182 nihil
431 4133 520 4195 poott'
514 4146 540 4182 ιιι
559 4146 597 4183 re.
652 4148 708 4182 rum
727 4135 839 4197 ipsorum
853 4136 1027 4186 thomistarum
1041 4136 1167 4235 interpre-

84 4204 128 4277 ιω
147 4221 234 4289 igitur
261 4224 334 4282 pacto
358 4217 469 4281 apprimo
490 4217 566 4269 luter
574 4232 602 4269 ss
633 4219 761 4292 totiens*-

1241 3259 1397 3323 Argumenta

1216 3344 1263 3393 pro
1279 3330 1318 3393 pia
1338 3343 1396 3380 sen-

1216 3400 1295 3450 tentia
1316 3398 1357 3449 rel
1376 3400 1399 3449 i-

1217 3470 1254 3533 psi
1278 3470 1399 3520 adressa-

1217 3540 1250 3589 rti
1273 3540 1388 3603 recipere

1218 3615 1355 3674 coguntur.
