2828 4904
90 439 134 488 ΕΚ
144 452 177 522 eg
185 439 255 503 (1¹¹⁰d
306 438 438 510 titulum
471 459 545 503 cum
580 437 724 504 Christo
744 437 858 504 habuit
897 456 1121 517 communem,
1153 439 1306 508 debuisse
1343 463 1374 509 er

78 506 254 630 {2¹⁰5ssng
305 542 474 629 privilegio
498 543 537 606 ab
561 542 620 607 hac
641 549 744 606 morte
765 543 939 606 immunem
965 543 1097 607 servari.
1116 541 1218 630 ldque
1232 549 1375 633 eomagia
1412 629 1413 633 Ἰ

79 650 225 701 viventium.
305 644 476 711 dicendum
503 668 567 732 quo
587 647 620 709 in
634 651 805 733 principio,
824 653 861 710 ut
877 644 1001 709 scholae
1023 646 1113 731 loqui
1131 647 1245 726 solent,
1268 656 1374 737 priaci
1411 676 1413 717 t

300 754 387 836 piati
407 751 510 813 virtus
534 749 716 834 reperiatur
740 768 867 812 necesse
889 754 948 810 est.
979 747 1061 820 Cum
1076 748 1182 832 igitur
1195 751 1374 838 protoplasti
1412 791 1413 819 ι

305 852 338 915 in
360 860 435 916 ortu
460 872 519 917 suo
542 851 637 936 culpa
660 852 853 927 vacaverint,
870 850 1040 935 ornatique
1065 852 1169 935 gratia
1186 855 1301 944 statim
1319 853 1374 920 lue
1403 883 1413 925 ι

304 955 381 1031 rint,
407 953 519 1019 debuit
542 963 573 1018 et
602 955 660 1018 hae
684 953 830 1018 decorari
859 955 895 1017 B.
925 953 1038 1037 Virgo,
1066 976 1130 1040 qua
1153 957 1319 1022 mediante
1345 979 1375 1023 ex

287 1057 438 1121 'Patrum
464 1065 570 1122 mente
596 1057 693 1141 primi
720 1056 939 1141 progenitores
966 1055 1125 1122 eiusmodi
1151 1059 1292 1143 gratiam
1315 1067 1375 1126 surl
1402 1075 1413 1130 s

305 1160 481 1224 consecuti.
507 1162 580 1237 Quo
608 1180 704 1222 sensu
728 1161 765 1223 B.
791 1159 956 1244 Virginem
978 1160 1024 1223 ita
1047 1181 1072 1223 s.
1095 1162 1288 1229 ¹Bernardus
1307 1183 1374 1228 con-
1403 1176 1412 1250 ’Ἰ

306 1263 462 1348 pellebat:
490 1261 702 1346 Osoemiaam
730 1264 933 1345 singulariter
962 1264 1189 1342 venerandam,
1217 1289 1374 1352 saperem

305 1353 357 1430 aes
379 1367 528 1449 foeminas
551 1364 788 1440 admirabilem,
806 1376 974 1452 pareatum
995 1372 1231 1451 reparatricem,
1251 1382 1374 1455 postere-

306 1490 377 1533 rum
407 1471 639 1554 ee'ca'ficatriccm
663 1461 722 1550 llll
759 1464 893 1531 Accedit
927 1465 1013 1551 quod
1035 1488 1066 1531 ⁴a
1096 1471 1260 1533 communi
1291 1471 1401 1537 honi·

307 1593 385 1635 num
413 1592 508 1636 sensu
542 1570 715 1636 'abhorrere
739 1579 918 1648 censeatur,
947 1577 984 1634 ut
1016 1570 1205 1657 quidquam,
1231 1575 1319 1660 quod
1341 1575 1413 1656 at,

308 1674 371 1738 teri
405 1695 503 1739 causa
534 1695 604 1738 esse
627 1672 731 1751 debet,
755 1672 916 1758 depereat.
933 1673 1015 1738 Hinc
1038 1673 1194 1740 absonum
1216 1675 1373 1745 luissetnt
1400 1719 1412 1761 ῃ

308 1779 393 1856 Eva,
424 1798 506 1863 quae
542 1776 615 1841 data
650 1798 734 1841 uxor
768 1776 857 1840 Adae
888 1775 995 1840 luerat
1026 1777 1066 1842 ad
1099 1779 1234 1844 humani
1263 1782 1373 1867 generis
1396 1803 1413 1866 p

309 1882 583 1968 propagationem,
601 1888 673 1943 ante
688 1881 790 1967 ipsam
814 1880 1048 1965 generationem
1070 1892 1272 1952 moreretur.
1282 1885 1316 1951 Si
1329 1886 1374 1972 igi

310 1994 365 2049 tur
389 1986 426 2048 B.
451 1984 563 2069 Virgo,
588 1991 624 2046 ut
652 2004 692 2047 ex
720 1983 902 2047 memoratis
927 1990 1024 2068 patet,
1040 1985 1218 2056 viventium
1247 1989 1374 2055 omniun

309 2087 486 2153 seeundum
509 2087 660 2173 spiritum
677 2088 785 2150 extitit
807 2096 920 2165 mater,
937 2087 1023 2152 haud
1046 2089 1190 2174 prolecto
1215 2090 1373 2158 debuitia
1397 2086 1412 2179 'q

309 2215 346 2258 ea
363 2194 428 2259 vita
451 2194 586 2280 spiritus
613 2192 757 2286 delicere,
792 2213 848 2256 seu
881 2214 1045 2278 nunquam
1060 2194 1130 2278 ipsa
1153 2192 1274 2261 debuit
1289 2195 1369 2283 gralia
1401 2230 1413 2280 q

308 2317 429 2360 carere.
1350 2357 1354 2364 .
1399 2323 1413 2382 ,p

115 2427 152 2476 Ex
173 2430 256 2479 darn,
290 2421 293 2428 ·
395 2403 454 2466 His
482 2401 609 2465 demum
633 2399 695 2463 alia
711 2396 906 2463 subnectunt
922 2406 1107 2484 argumenta
1123 2399 1198 2486 piae
1215 2402 1378 2467 sententia
1406 2435 1412 2480 p

81 2498 135 2575 ‘⁴3¹³
154 2495 257 2552 Macer-
282 2493 286 2506 ’
309 2514 486 2573 assertores
501 2526 543 2569 ex
557 2500 755 2567 multimodis
774 2502 889 2580 titulis,
906 2499 994 2588 quie
1012 2502 1138 2569 divinae
1150 2507 1267 2570 matris
1281 2524 1380 2569 mune·
1408 2546 1413 2584 ,

82 2569 176 2619 mmm
309 2633 344 2676 re
368 2610 541 2686 dimanant,
570 2607 768 2692 deprompta,
796 2606 981 2692 quibusque
1019 2608 1125 2693 reipsa
1153 2610 1191 2671 Β.
1226 2609 1379 2693 Virginem
1409 2642 1413 2651 ,

308 2711 452 2777 Ecclesia
484 2708 683 2772 condecorat.
709 2706 975 2793 Quandoquidem
1001 2708 1145 2772 Ecclesia
1177 2710 1316 2774 Mariam
1336 2714 1385 2788 to,

258 2823 261 2830 '
308 2817 375 2880 tius
392 2813 624 2891 universitatis,
642 2812 840 2899 proindeque
863 2811 1070 2896 Angelorum,
1094 2819 1192 2897 atque
1226 2813 1381 2877 hominum

307 2920 450 2985 omnium
461 2919 605 3004 reginam
618 2917 764 3005 appellat.
778 2917 819 2980 lli
832 2924 940 2981 autem
952 2916 1040 2980 tituli
1051 2917 1161 2981 inanes
1173 2939 1213 2982 aa
1226 2917 1380 3004 nugatorii
1410 2964 1413 2970 ·

308 3022 451 3110 prolaeto
466 3043 528 3085 nou
545 3029 630 3099 sunt,
644 3019 700 3084 sed
723 3006 824 3083 solido
847 3019 992 3084 veritatis
1016 3018 1226 3085 fundamento
1249 3023 1378 3086 innitur

309 3134 374 3190 tur.
392 3125 486 3204 Quod
503 3126 529 3188 si
542 3127 580 3188 Β.
595 3123 902 3209 VirgoAngelorum
913 3124 1024 3208 regina
1040 3132 1099 3201 est,
1113 3145 1150 3188 ae
1163 3145 1266 3212 super
1279 3127 1378 3191 choas

230 3305 234 3316 Ι
308 3229 504 3314 Angelorum
531 3237 649 3306 evecta,
674 3249 853 3312 congruum
867 3227 996 3292 videtur
1021 3229 1160 3307 omnino,
1179 3229 1289 3322 ipsam
1304 3227 1384 3294 nulla

310 3333 432 3409 ratione
460 3333 609 3397 debuisse
633 3331 804 3417 aliquando
831 3332 885 3396 illa
912 3332 1014 3418 gratia
1037 3354 1157 3411 carere,
1172 3356 1241 3421 qua
1256 3333 1381 3420 Angele

310 3457 383 3500 rum
411 3425 554 3520 agmina,
584 3457 620 3499 ac
652 3442 893 3522 protoparentes
920 3457 939 3499 a
968 3457 1044 3500 suae
1072 3436 1269 3503 conditionis
1300 3457 1381 3503 exor-

312 3538 365 3604 dio
387 3539 492 3602 ornati
515 3547 546 3602 et
573 3539 661 3603 aucti
684 3560 702 3602 a
729 3541 796 3603 Deo
821 3547 896 3603 sunt
918 3539 1011 3604 iuxta
1034 3539 1158 3605 celebre
1175 3542 1413 3639 Augustiniffi¹

312 3665 389 3707 num
421 3640 503 3706 illud
536 3643 683 3708 allatum:
697 3645 779 3708 Erat
808 3643 891 3709 Deus
913 3649 946 3709 iu
968 3650 1009 3708 eis
1033 3647 1162 3710 candeas
1184 3650 1413 3714 natureae

349 3818 384 3887 tt)
402 3819 503 3874 Hamil.
520 3813 545 3871 2.
560 3817 647 3889 Super
658 3821 757 3876 Missas
780 3828 817 3876 est
868 3819 942 3888 leam,
954 3822 1012 3892 ipsa
1029 3817 1121 3877 matris
1139 3825 1315 3893 opprobriam
1330 3839 1368 3878 aa
1394 3796 1398 3813 ¹

313 3922 339 3957 n.
358 3903 384 3959 3.
403 3909 443 3958 ed.
461 3908 506 3956 eit.
523 3909 580 3958 Vol.
592 3910 614 3956 1.
625 3909 673 3957 eol.
686 3904 745 3959 tal.
758 3908 813 3958 Aa·
862 3909 942 3976 serat:
955 3911 1014 3977 ipsa
1029 3910 1104 3978 patri
1112 3923 1162 3977 pra
1172 3918 1260 3962 matre
1273 3909 1368 3980 satissc·

315 3993 417 4043 tithesin
435 4005 512 4055 porro
523 3992 564 4040 hic
575 3993 718 4042 instituerat
729 4007 750 4041 s.
765 3995 817 4044 Do·
869 3993 929 4046 ciat:
947 3993 1012 4062 qaia
1031 4008 1086 4046 cece
1104 3993 1145 4044 ete·
1157 3994 1255 4048 cecidit
1263 3997 1369 4064 persae·

314 4081 371 4128 ctor
382 4077 467 4128 ⁴Evam
484 4076 584 4128 lateret
601 4078 708 4130 Mariam
729 4079 826 4129 dicens.
865 4078 974 4145 minam,
993 4078 1046 4131 iam
1063 4093 1117 4132 aaa
1134 4078 1252 4144 eripitur
1270 4080 1367 4147 elatea

315 4165 415 4224 praeter
432 4164 524 4214 cetera:
538 4155 622 4215 Carra
639 4163 724 4221 mater
741 4160 820 4230 adfi·
869 4164 1023 4232 foeminam.
1405 4151 1406 4154 '
