2828 4904
75 251 227 316 insistens
240 247 409 335 scripserit
419 247 452 311 iu
465 244 566 312 Sem.
579 246 602 311 2
616 246 663 311 n·
679 247 836 336 Amnes.
852 244 908 335 (1),
923 245 1065 315 eumdem
1082 249 1157 316 Vir-
1176 254 1180 261 “

71 356 180 440 ginern
196 352 239 417 ab
256 350 407 437 originali
432 371 515 416 noxe
532 356 702 436 purgatam
718 347 821 415 fuisse
835 350 902 416 illis
917 349 1037 419 verbis:
1063 350 1157 429 Quod

66 465 94 523 α’
106 458 299 541 οηῃέηαὶοηι
314 454 529 541 aparentibus
543 455 700 519 maculam
719 461 837 530 trannin
848 454 901 520 rad
921 461 1023 521 minue
1039 480 1059 521 a
1076 456 1157 524 tara·

67 567 146 638 msc,
165 561 397 646 sanctificatam
411 562 445 622 iu
461 568 562 636 utero,
576 568 636 621 eut
660 578 724 623 noo
749 563 846 642 moysi
861 581 882 622 a
898 557 1015 624 leonae
1031 558 1155 647 Spiritu

71 664 193 730 Sancto
220 662 372 747 repletam
387 661 507 726 nederc
524 660 668 748 prohibet
685 665 790 748 pictos
803 660 986 726 christiane:
1002 685 1057 729 nec
1076 668 1157 729 enno

70 768 151 850 {estis
168 764 318 830 laudibus
336 785 464 831 noscam
475 762 698 842 honoraretur,
712 768 742 828 si
757 786 820 829 nen
836 776 947 830 sancta
962 777 1153 832 nosceretur.

73 870 233 935 Postremo
261 889 332 933 eum
356 867 535 933 maimedus
557 878 686 944 constet,
702 866 740 931 ed
763 869 916 953 originali
928 874 1070 954 centeqa’o
1086 871 1156 935 solo

67 979 174 1059 qratia
192 972 380 1038 mundatam
394 992 454 1036 esse
471 970 610 1037 Mariam
626 978 688 1035 etc.
704 972 748 1036 Et
763 970 841 1036 alibi
857 971 942 1036 idern
959 971 1052 1038 docet
1063 970 1118 1060 (2).

154 1076 305 1142 Consona
328 1074 430 1160 igitur
453 1073 590 1138 istorum
614 1073 757 1138 omnium
778 1095 838 1139 vox
855 1081 915 1154 est,
931 1075 1058 1141 beatam
1077 1074 1152 1141 Vir·

68 1180 177 1266 ginem
194 1199 327 1244 carnem
338 1177 463 1264 peceati
478 1197 542 1242 uua
556 1184 774 1265 compeccato
786 1178 902 1265 ipsein
918 1199 978 1245 suo
993 1186 1150 1266 conceptu

70 1283 221 1349 sortitam
237 1280 352 1360 fuisse,
367 1302 386 1346 u
401 1301 465 1368 qua
483 1288 587 1345 tamen
603 1279 674 1346 labe
690 1280 916 1368 Redemptoris
934 1282 1036 1370 gratia
1059 1304 1151 1348 mun-

74 1386 146 1451 data
162 1405 302 1472 prorsus
314 1383 413 1449 eitius
425 1384 569 1450 seriusve
582 1381 694 1462 fuerit,
704 1383 875 1471 purificate
890 1406 928 1451 ac
941 1385 1149 1451 sanctificata.

72 1491 160 1569 Quae
175 1486 312 1577 quidem
329 1508 403 1553 cum
415 1488 572 1554 sententia
588 1487 627 1554 de
644 1486 824 1553 omnimoda
840 1486 1005 1555 abeodem
1019 1496 1152 1577 peccato

66 1593 275 1661 immunitate
291 1589 381 1657 nullo
395 1597 489 1678 pacto
514 1610 607 1676 posse
632 1590 858 1656 cohaerescere
874 1590 1036 1659 videntur.

399 1808 649 1884 CAPUT
700 1812 787 1884 Vll·
882 1830 888 1839 ·

164 2030 258 2094 QUAE
282 2032 328 2077 EX
352 2031 524 2093 Audiense
547 2032 732 2099 Eccnttslnn
763 2034 865 2080 SENSU
889 2033 1062 2082 ADVERSUS

283 2134 539 2183 tuutcunnuuu
563 2135 715 2183 vinarius
740 2137 947 2184 CONCEPTUM

410 2240 586 2286 viennens
609 2240 685 2286 ΡΕΤΙ
711 2240 811 2285 Posse:

155 2430 316 2515 Magnum
339 2429 464 2514 pondus
489 2449 618 2494 sensum
640 2429 805 2494 Ecclesiae
828 2428 1003 2495 catholicae
1026 2428 1060 2497 in
1076 2448 1159 2493 cona

64 2531 233 2599 troversiis
251 2531 416 2619 utrimque
428 2532 558 2617 agitatis
574 2531 691 2596 habere
708 2553 801 2597 nemo
818 2553 962 2620 unquam
978 2531 1149 2599 catholico-

66 2658 138 2701 rum
162 2636 198 2700 in
222 2633 360 2699 dubium
389 2634 559 2700 revocavit.
595 2636 696 2700 Porro
718 2657 755 2700 ea
779 2636 813 2700 in
836 2635 979 2723 antiquis
1001 2634 1146 2721 liturgiis

64 2741 283 2816 offenduntur,
301 2760 385 2826 quae
417 2759 615 2803 communem
646 2740 809 2805 Ecclesiae
836 2739 1078 2826 persuasionem
1105 2738 1146 2804 de

65 2842 226 2910 maculato
241 2841 387 2927 Virginis
402 2842 528 2907 Mariae
545 2849 701 2930 conceptu
720 2841 931 2928 patefaciunt.

155 2943 324 3033 Siquidem
340 2945 373 3010 in
390 2944 529 3032 quadam
543 2945 680 3010 lectione
696 2944 802 3010 Officii
818 2944 857 3010 de
873 2945 1050 3013 Nativitate
1074 2943 1148 3010 vir-
1218 2953 1306 3006 enan
1317 2967 1379 3006 eon-

68 3051 152 3135 ginis
165 3048 254 3137 quod
266 3047 412 3136 pristinis
430 3047 629 3135 temporibus
645 3047 764 3136 passim
777 3047 909 3113 recitari
921 3046 1056 3126 solebat,
1068 3046 1148 3113 haec
1200 3025 1380 3148 {ffifhc'ffie's

64 3152 266 3240 legebantur:
282 3153 415 3218 Beatam
436 3151 589 3236 Virye'nem
611 3153 791 3217 omnimodis
807 3163 927 3217 constet
942 3151 980 3216 ob
997 3152 1150 3237 criniculi
1200 3166 1289 3233 priori.

64 3263 206 3343 contayio
222 3258 313 3340 scisse
328 3257 511 3322 mundatam
528 3253 582 3344 (3)
607 3256 733 3321 Pariter
748 3256 783 3319 iu
805 3255 968 3322 breviario
991 3255 1146 3321 ecciesiae

68 3359 280 3447 gerundensis
302 3359 452 3425 Officium
469 3360 632 3447 reperitur
648 3360 694 3424 Da
708 3360 782 3442 feste
798 3361 1052 3446 sanctificationis
1067 3357 1147 3448 Con·

63 3459 209 3553 captionis
225 3463 331 3529 beatae
354 3464 501 3549 Vs’rqina's,
517 3465 551 3529 in
567 3464 663 3529 cuius
692 3464 836 3528 oratioue
862 3462 1043 3530 dicebatur:
1064 3462 1147 3528 Scu-

65 3573 281 3658 ctificata'oncm
302 3564 514 3655 conceptionis
537 3568 643 3633 beatae
660 3567 786 3633 Mariae
801 3573 835 3632 in
850 3568 923 3633 oleo
939 3588 1014 3633 suec
1036 3571 1147 3632 metris

66 3684 129 3737 ate
145 3671 267 3754 sectum
289 3691 574 3747 commemoramus;
598 3678 695 3757 atque
723 3670 757 3734 in
784 3691 848 3735 una
876 3691 917 3734 ex
940 3665 1146 3735 lectionibus:
1184 3744 1189 3755 ,

94 3890 129 3955 (1)
149 3891 218 3942 Edit.
229 3889 314 3939 Maur.
327 3889 377 3940 coi.
388 3885 466 3959 1005,
478 3906 503 3942 n.
518 3888 543 3942 8.
662 3886 697 3956 (3)
717 3888 793 3955 Apud
814 3891 1034 3943 Tunecrennam
1045 3902 1089 3952 op.
1098 3888 1142 3939 eit.

95 3968 130 4041 (ᾏ
150 3968 274 4037 sawt.
327 4010 331 4017 .
630 3980 694 4039 part·
706 3967 954 4043 6,0.tt‚r01.106‚
966 3987 990 4037 p.
1001 3963 1027 4025 2.
