2828 4904
516 316 693 387 ..59-

73 461 197 530 corpore
220 449 251 504 et
274 442 393 513 auimo,
406 437 621 524 temptumstdi
634 444 809 504 construxit
831 453 978 507 ornatum
1000 440 1061 526 (i).
1082 443 1154 511 Va·

67 568 139 613 rum
161 565 240 609 curn
256 542 310 607 hic
327 562 429 607 sermo
445 540 563 606 dubiae
579 543 690 608 saitem
714 544 756 608 sit
772 546 986 626 auctoritatis,
1010 558 1144 615 eatenus

62 652 113 717 rei
130 658 266 713 nostrae
278 644 460 732 probandae
478 667 536 732 par
554 658 614 724 est,
627 655 787 734 quatenus
799 647 839 714 ad
858 658 996 716 veterem
1012 654 1146 740 scripto·

63 775 133 819 rom
158 756 297 838 spectat.
311 748 387 813 'Atia
403 749 479 814 item
495 770 556 814 non
573 771 675 836 pauca
691 752 824 816 Petrum
849 754 1041 834 testimonia,
1062 778 1146 843 quac

65 868 174 923 tannen
190 855 236 920 ab
252 851 474 919 adsertoribus
489 853 562 939 piae
575 854 749 920 sentcntiae
764 857 882 942 passim
898 856 1015 924 adduci
1033 860 1145 939 solent,

69 961 258 1037 omisimus,
283 958 351 1024 sive
372 956 459 1044 quod
487 978 554 1023 rem
577 967 774 1044 praesentem
802 961 931 1048 proprie
958 982 1020 1027 noa
1051 964 1146 1029 attin·

71 1071 161 1149 gant,
190 1063 263 1129 sive
291 1058 377 1148 quod
406 1059 518 1146 spuria
540 1066 599 1124 aut
623 1058 724 1126 dubia
755 1061 864 1149 saltem
894 1063 1074 1130 habeantur
1090 1062 1144 1152 121.

68 1169 281 1253 Quapropter
296 1163 368 1229 heio
383 1163 523 1251 primum
538 1164 671 1228 Patrum
686 1185 797 1250 agmen
820 1166 1019 1233 claudamus.

441 1363 668 1439 CAPUT
703 1366 770 1438 XI.

123 1602 257 1654 PATRES
282 1600 325 1648 ΕΤ
348 1600 550 1648 §catanens
573 1601 824 1649 ncotffisusmct
851 1603 1093 1653 RECENSENTUR

73 1710 147 1770 ‘Qvi
170 1708 216 1756 An
242 1704 445 1752 decusando·
466 1703 511 1750 ΑΒ
535 1701 740 1751 antonianum
763 1706 873 1767 USQUE
897 1706 1126 1757 lmmacuntno

204 1814 238 1858 B·
263 1807 415 1859 vlnottus
438 1808 630 1855 concavum
655 1809 786 1856 FAVERE
813 1810 881 1857 VIS}
907 1812 1001 1859 SUNT.

154 2002 221 2067 Pro
237 2004 372 2064 exortae
386 1995 570 2083 pelagianae
586 1996 753 2063 haereseos
768 2001 934 2067 occasione
949 2000 1094 2069 doctrina
1109 2001 1149 2070 de

73 2102 238 2190 originalis
253 2100 378 2189 peceati
394 2100 430 2165 iu
446 2119 554 2165 omncs
574 2100 716 2164 hominos
735 2104 963 2188 propagatione
980 2104 1150 2170 clariorem

73 2208 173 2273 iucem
185 2204 306 2292 adepta
318 2211 377 2283 ost,
386 2204 524 2269 instante
536 2205 739 2291 potissimum
751 2208 981 2292 caugustino,
993 2208 1051 2294 qui
1062 2208 1150 2273 illam

70 2311 228 2377 haeresim
239 2310 333 2397 plane
344 2308 505 2374 contrivit.
517 2307 643 2374 Exinde
655 2306 775 2373 iactum
787 2316 826 2374 ut
837 2311 1032 2396 posteriores
1044 2317 1149 2377 aetate

71 2416 176 2481 Patres
188 2422 291 2502 atque
302 2412 511 2479 ecclesiastici
524 2414 697 2500 scriptores
708 2413 937 2480 vehementiori
951 2414 1024 2480 stilo
1036 2413 1150 2501 dogma

76 2519 264 2585 catholicum
287 2516 492 2583 adstruerent
510 2536 546 2581 ac
571 2515 780 2583 vindicarent.
808 2518 875 2583 Hae
895 2517 934 2584 dc
954 2537 1055 2583 eausa
1072 2518 1149 2583 aite-

75 2644 135 2686 ram
153 2623 238 2688 hanc
261 2619 378 2685 seriem
394 2641 412 2685 a
429 2620 531 2707 priori
547 2619 730 2685 distinctam
747 2620 846 2700 volui,
864 2628 902 2686 ut
922 2643 963 2686 ex
982 2621 1032 2687 his
1053 2621 1149 2687 etiam

78 2710 241 2795 sententias
264 2724 433 2802 afferrem,
456 2744 540 2809 quae
568 2722 722 2788 fautrices
745 2725 817 2810 piae
840 2746 959 2790 causae
985 2724 1146 2791 videntur.

132 2827 183 2894 Ab
205 2827 280 2916 ipso
301 2826 486 2912 Augustino
507 2825 627 2891 ordiar.
644 2827 704 2891 Hic
726 2827 831 2912 igitur
846 2828 879 2892 in
903 2828 988 2895 libro
1010 2829 1057 2894 Dc
1072 2828 1147 2894 Not.

82 2942 101 2993 ct
117 2933 225 3017 pretio
241 2928 281 2995 de
305 2927 495 3014 B.·Virginc
519 2927 679 2995 disserens
695 2929 774 2995 haee
797 2928 910 2994 habet:
926 2932 1067 3019 Excepto
1089 2937 1149 2997 a’tc-

84 3056 129 3118 puc
154 3045 268 3101 scorto
299 3030 422 3118 Virps'as
447 3032 578 3111 Mario,
604 3034 639 3098 dc
668 3056 732 3121 quo
761 3046 893 3122 propter
920 3034 1065 3101 docorem
1086 3035 1150 3101 Do-

110 3238 141 3308 (t)
154 3244 220 3310 Opp·
236 3243 304 3296 sou.
328 3242 463 3294 Frontonis
488 3243 583 3294 noorai
636 3247 691 3294 tum
711 3245 776 3306 apud
795 3245 910 3310 Thespis.
928 3245 1096 3308 mnndum
1114 3246 1148 3296 si-

88 3322 283 3379 tumueram.
296 3318 374 3379 1624.
386 3327 458 3377 Tom.
478 3327 515 3376 vl
527 3340 582 3390 pag.
635 3341 666 3378 rc
679 3328 703 3377 tn
719 3324 841 3395 Diptycts
855 3325 1068 3393 monstroso.
1086 3331 1147 3383 edit.

87 3402 136 3476 ⁴96,
143 3413 187 3477 qut
205 3413 310 3465 adnotat
322 3412 422 3462 initium
433 3411 504 3463 istius
523 3424 583 3462 ora·
635 3407 1144 3480 ιιιςᾱιιιι.1665.1οω.νιι.μ.14ο.ιη.

86 3493 148 3547 tinnis
156 3511 178 3548 s.
184 3497 223 3547 lo.
229 3495 403 3559 chrysostomi
409 3497 514 3547 citatum
523 3497 583 3547 iuis·
635 3497 687 3547 rire
697 3498 721 3546 iu
731 3511 772 3560 op.
783 3495 876 3550 Pictos
884 3495 1070 3565 duodenem&
1080 3512 1147 3565 eron

84 3579 581 3644 arcesseremusnectciusctdno
631 3578 666 3632 B·
684 3575 1143 3651 V.s·mmocotcrcccrccptcm.-Tsm.

82 3663 117 3714 lat.
126 3679 183 3729 pag.
196 3656 275 3715 1042.
286 3658 361 3725 -nsgs
380 3669 508 3729 praetcrea
529 3678 580 3714 mo·
633 3664 707 3715 vm.
718 3678 773 3727 pag.
784 3658 846 3717 265.
859 3679 929 3730 seqq.
941 3664 1016 3730 Apud
1027 3666 1146 3718 Coectum

79 3748 149 3800 utum
156 3748 577 3814 praemissumaltddouttauccnio
631 3750 657 3797 tn
678 3745 817 3800 Thesauro
838 3750 949 3801 lin-111.
966 3754 1018 3801 art.
1034 3745 1061 3814 1,
1079 3753 1145 3813 apud

80 3826 279 3885 transmutas.
291 3834 356 3897 opp.
364 3833 416 3884 rot.
428 3832 473 3882 Vl.
482 3848 507 3896 p.
516 3827 576 3884 391.
630 3833 784 3887 Satazartum
794 3829 836 3884 Dc
847 3831 970 3902 Concept.
981 3848 1003 3885 o.
1015 3824 1060 3899 42,
1071 3834 1146 3884 attos-

110 3913 582 3984 QpQuaarideripossuntmagnouu·
634 3930 685 3980 que
706 3917 972 3984 presumptuosorum
994 3929 1055 3966 vero
1079 3919 1146 3979 apud

81 4018 145 4057 uero
156 4009 214 4052 tum
231 4001 299 4065 apud
311 4000 472 4050 Catharinum
489 3999 515 4049 io
533 3995 585 4050 Di·
634 4000 837 4065 Plazzaminop.
846 3995 1145 4063 espinaccasscos

75 4079 581 4156 epotatioucproocritotcimmooutntnc
633 4095 702 4134 enoc.
713 4080 835 4152 Coaccpt.
845 4083 904 4135 aot.
914 4083 948 4130 11.
958 4075 1038 4147 actia
1050 4086 1077 4131 et
1086 4078 1145 4132 Act.

75 4163 294 4240 vacationed.
301 4160 513 4234 Vtrqt'ttt'tdenist
519 4157 580 4218 532.
635 4166 680 4215 Vt.
692 4179 729 4216 ar.
741 4159 768 4216 2.

1218 2856 1376 2922 &Augusti-

1200 2940 1249 2978 nus
