2828 4904
387 418 883 495 PROOEMIUM

96 1056 186 1243 N
185 1187 240 1240 on
270 1157 439 1244 deerunt
469 1161 651 1274 prolecto
679 1166 748 1278 qui
784 1165 823 1245 in
853 1165 940 1275 ipso
973 1167 1173 1252 haerentes

96 1289 224 1398 operis
254 1286 376 1371 titulo
407 1291 635 1373 existiment
670 1319 734 1372 me
764 1291 931 1375 consilio
955 1296 1013 1376 sin
1045 1295 1175 1377 minus

96 1411 228 1495 inutili
243 1431 286 1495 at
299 1440 437 1523 parum
454 1435 559 1500 certe
575 1437 805 1526 opportuno
819 1416 997 1500 animum
1016 1418 1065 1499 ad
1081 1422 1176 1499 scri·

96 1535 276 1620 bendum
306 1537 515 1650 appulisse.
542 1537 656 1622 Hanc
684 1542 791 1624 enim
812 1560 987 1651 spartam
1008 1543 1177 1655 scripto·

96 1696 153 1750 res
163 1665 268 1750 bene
279 1667 414 1774 multi,
432 1669 543 1784 iique
558 1667 801 1752 eruditionis
817 1669 920 1752 lama
935 1691 1177 1784 praestantes

96 1795 168 1880 ribi
183 1793 409 1881 ornandam
425 1826 656 1909 suscepere,
669 1797 772 1881 adeo
792 1820 837 1883 ut
851 1800 892 1883 in
907 1830 1046 1884 eorum
1067 1831 1177 1886 com·

96 1919 410 2043 mentationibus
432 1950 509 2005 nou
531 1919 658 2005 multa
678 1919 957 2009 desiderentur
982 1927 1082 2040 quin
1108 1956 1176 2009 eae

98 2047 267 2132 numeris
284 2046 490 2134 absolutae
510 2048 699 2132 omnibus
717 2049 950 2136 habeantur:
966 2051 1114 2137 deinde
1136 2054 1176 2134 in

96 2204 179 2258 eam
194 2194 372 2260 aetatem
389 2175 619 2280 incidimus,
633 2176 674 2259 in
693 2205 773 2290 qua
790 2176 992 2288 piaculum
1014 2178 1176 2260 videre-

96 2322 157 2384 tur
186 2299 256 2385 vel
270 2299 498 2386 dubitando
525 2301 741 2407 affirmare,
760 2301 1027 2416 originalem,
1053 2330 1176 2418 quam

96 2426 268 2511 dicimus
288 2484 303 2531 ,
321 2456 465 2513 noxam
485 2426 540 2513 ad
560 2430 859 2515 sanctissimam
895 2429 973 2513 Dei
1003 2429 1177 2514 Matrem

96 2557 361 2671 eamdemque
400 2558 698 2672 integerrimam
727 2560 936 2673 Virginem
974 2557 1037 2640 vel
1069 2586 1177 2671 pun-

96 2704 203 2767 ctum
245 2686 439 2797 temporis
468 2685 700 2769 adhaesisse.
736 2685 827 2793 Qua
848 2688 887 2770 iu
910 2718 953 2771 re
976 2706 1082 2769 tanta
1103 2713 1174 2768 ca·
1213 2727 1216 2735 ¹

98 2811 267 2897 tholicos
290 2813 392 2896 inter
413 2812 520 2928 viget
542 2815 763 2916 consensio,
779 2835 822 2896 ut
841 2843 962 2897 nemo
983 2813 1068 2897 lere
1100 2813 1175 2895 lroc

97 2940 222 3057 decus
250 2943 445 3026 eximium
480 2943 637 3055 Virgini
669 2973 749 3025 non
775 2941 929 3025 delerat
957 2940 1177 3023 libentissi-

96 3100 178 3172 me,
197 3099 283 3155 uon
302 3071 413 3154 omui
444 3099 524 3186 qua
547 3090 677 3182 potest
700 3099 820 3180 opera
840 3069 1065 3181 praedicet,
1095 3097 1176 3151 non

96 3200 206 3282 omni
220 3196 512 3313 obsequiorum
528 3226 669 3312 genere
685 3218 869 3282 testetur.
898 3196 1174 3303 Quamobrem

97 3325 212 3410 illum
235 3323 441 3424 abundare
460 3326 544 3408 otio
565 3355 644 3408 non
678 3327 880 3408 immerito
909 3325 1081 3428 diceres,
1103 3326 1174 3437 qui

100 3453 171 3537 sibi
204 3452 285 3536 hoc
311 3452 488 3565 Virginis
517 3452 641 3538 decus
676 3452 929 3535 asserendum
959 3474 1000 3535 et
1035 3452 1175 3535 vindi-

101 3581 270 3665 candum
305 3599 563 3691 proponeret.
595 3577 708 3685 Quid
743 3580 850 3662 enirn
880 3578 956 3660 lroc
986 3579 1043 3660 rei
1075 3596 1174 3660 esset

99 3709 168 3791 nisi
187 3729 324 3793 actum
354 3736 489 3820 agere,
506 3729 548 3790 et
568 3706 696 3821 ligna,
730 3725 774 3787 ut
802 3704 880 3790 fert
905 3705 1113 3819 adagium,
1134 3707 1173 3786 in

100 3834 235 3919 silvam
265 3831 484 3924 conferre?
512 3836 565 3916 At
593 3835 797 3917 enimvero
837 3834 914 3918 alio
938 3833 1052 3946 plane
1090 3861 1176 3914 mea

101 3956 190 4048 lraec
212 3963 391 4076 pertinet
419 3959 665 4074 disquisitio.
696 3957 901 4067 Quorsum
932 3958 1092 4046 autem?
1112 3959 1175 4044 Eo

96 4093 290 4179 nimirum
304 4112 350 4175 ut
366 4111 598 4204 argumenta
613 4092 770 4176 alleram
793 4112 913 4203 atque
943 4089 1177 4200 expendam,

945 4261 962 4328 l
