2828 4904
277 413 474 492 sententiam,
498 433 581 499 quae
609 432 649 488 ex
678 410 807 478 iliorum
840 433 939 486 censu
962 416 999 486 B,
1024 413 1189 499 Virginem
1212 414 1344 499 excipit,

277 518 496 604 utSeripturis
510 518 609 584 saeris
621 517 759 604 fideique
771 525 879 604 aperte
891 520 1082 584 contrariam
1095 518 1284 583 traducebat
1292 516 1345 607 (it

269 621 472 686 Parisienses
506 619 661 700 doctores,
685 621 743 706 qui
765 643 827 686 non
849 622 896 686 ita
918 620 1041 708 pridem
1075 622 1215 687 animum
1250 642 1349 685 suum

278 721 448 788 admodum
469 722 640 809 proclivem
656 744 733 808 erga
748 725 786 788 B.
804 723 948 809 Virginis
969 723 1174 809 privilegium
1190 721 1349 808 patefece-

277 832 349 890 rant
373 821 464 912 (licet
486 828 562 891 vero
584 846 646 889 non
668 830 801 902 constet,
818 831 856 888 ut
878 825 1021 889 nonnulli
1044 830 1222 903 antumant,
1242 822 1350 887 decre

278 937 348 994 tum
370 951 423 994 eos
440 928 561 1008 tulisse,
581 951 647 1016 quo
669 936 815 1019 caverent
830 949 869 992 ne
886 930 960 1015 quis
976 950 994 994 e
1011 930 1079 994 suis
1101 928 1237 994 alumnis
1256 927 1349 1014 quid-

278 1053 375 1119 quam
396 1032 509 1119 quavis
532 1033 655 1097 ratione
677 1030 843 1096 decertans
858 1040 1085 1117 propugnaret,
1098 1031 1184 1119 quod
1201 1030 1352 1095 immuni·

224 1145 227 1151 '
278 1136 354 1201 tatis
376 1135 544 1224 privilegio
566 1131 810 1222 adversaretur),
828 1155 923 1221 aegre
945 1138 1073 1202 omnino
1095 1158 1153 1201 nee
1175 1135 1245 1200 sine
1267 1133 1349 1198 indi-

280 1238 427 1323 gnatione
450 1238 595 1304 tulerunt
616 1235 774 1303 eiusmodi
798 1236 901 1301 theses
924 1239 1075 1303 aloanne
1097 1236 1277 1324 propositas
1295 1231 1347 1322 (2).

281 1342 380 1406 Immo
388 1362 463 1407 vero
471 1339 726 1427 thesessingulas
735 1338 870 1424 sing-ulis
879 1343 1023 1407 censuris
1031 1347 1192 1408 notarunt.
1201 1338 1351 1404 Facultas

282 1440 458 1528 theologica
471 1443 620 1510 universa
631 1441 712 1506 hane
724 1460 891 1506 censuram
902 1443 1059 1529 probavit,
1066 1464 1103 1510 ae
1114 1441 1187 1508 dein
1199 1438 1351 1525 temporis

324 1683 359 1754 (1)
377 1684 675 1749 Propositionesquidem
687 1687 784 1737 aMon·
836 1687 892 1737 dice
901 1686 932 1735 ed
943 1690 1037 1733 tomum
1047 1685 1069 1750 1,
1078 1697 1135 1746 opp.
1145 1685 1183 1735 10.
1193 1684 1303 1738 Gereoni
1320 1702 1349 1739 ex

284 1777 373 1823 tesono
384 1770 526 1836 propositae
534 1775 609 1833 atque
618 1784 723 1821 censura
735 1785 782 1822 no-
834 1772 945 1823 editiene
963 1770 1038 1819 Eiiies
1050 1770 1132 1833 liupiu
1149 1785 1205 1836 pag·
1215 1768 1279 1842 693,
1297 1787 1347 1840 seq.

284 1863 351 1911 tatae
359 1856 464 1908 inerunt
474 1870 581 1907 numere
589 1858 788 1924 quatuordeeim,
839 1847 1067 1921 emetri-702.

286 1944 331 1995 sed
349 1946 458 2007 quatuor
480 1944 578 1991 tentum
596 1946 664 2009 sunt,
675 1956 740 2006 quae
757 1943 789 1992 ad
875 1933 910 2007 (2)
922 1942 1011 1990 idnon
1021 1941 1128 1990 obscure
1141 1942 1241 1993 eruitur
1251 1958 1283 1996 ex
1294 1960 1348 1996 car·

284 2039 339 2077 rem
356 2029 469 2077 nostram
486 2023 642 2090 referentum
659 2025 792 2089 nempeX.
843 2025 928 2076 melite
946 2025 1040 2073 Ioanne
1052 2024 1161 2090 Baeone,
1173 2027 1216 2088 qui
1232 2042 1262 2077 ea
1274 2027 1351 2081 terme

286 2104 350 2160 Nor
358 2119 458 2159 emnem
468 2103 597 2160 dominam
601 2105 790 2176 praetchitrt'·
843 2111 927 2159 aetate
944 2107 1050 2157 florebat
1069 2103 1139 2174 (nam
1156 2122 1188 2158 ex
1199 2110 1349 2162 Bellarmino

284 2195 353 2246 rtem
370 2191 534 2245 contraxisse
552 2189 585 2244 ab
596 2190 682 2245 Adam
698 2206 788 2262 peeca-
842 2191 884 2245 De
896 2189 1065 2259 scriptoribus
1074 2189 1253 2247 ecciesiasticis
1266 2197 1345 2249 demit

283 2281 339 2329 tam
357 2273 488 2344 originale
506 2281 544 2329 est
561 2290 682 2346 expresse
699 2281 792 2330 eontra
843 2279 890 2328 sub
908 2279 1036 2328 clemente
1048 2277 1093 2345 vl,
1104 2280 1130 2326 et
1150 2277 1243 2330 obiisse
1259 2281 1346 2330 dicitnr

255 2383 258 2388 ·
281 2353 371 2426 fidem.
389 2359 435 2428 Xi·
452 2356 565 2425 Beatam
582 2357 703 2413 Mariam
719 2357 749 2416 V.
765 2362 792 2412 et
844 2373 910 2411 anno
923 2352 1003 2423 1346,
1018 2357 1058 2407 vel
1077 2372 1109 2408 ex
1128 2359 1269 2412 Trithemio
1286 2376 1348 2414 anno

283 2431 339 2503 'Dei
366 2443 526 2500 oratricem
550 2457 604 2497 eon
626 2441 789 2497 contrectare
842 2441 930 2514 1350),
938 2444 1034 2509 quique
1046 2437 1228 2497 incisentent.
1248 2441 1349 2517 Dist.2,

282 2534 416 2603 peccatam
444 2527 576 2598 originale
607 2532 645 2580 est
671 2542 792 2598 expresse
844 2535 940 2594 quaest.
958 2523 984 2597 4,
1007 2546 1044 2581 ar.
1060 2526 1077 2582 3
1094 2532 1199 2596 scripsit:
1219 2531 1243 2587 Α
1261 2533 1349 2588 mette

286 2605 380 2671 contra
390 2613 477 2684 fidem.
495 2616 554 2666 xii.
576 2611 687 2667 Tantam
699 2619 791 2667 contra
842 2613 920 2667 annm
934 2613 1096 2683 disputatum
1114 2619 1152 2668 est
1169 2615 1241 2670 inter
1253 2616 1350 2672 theoto

288 2698 456 2770 Scriptorum
473 2711 576 2750 sacrem
594 2701 631 2750 est
647 2711 729 2750 anam
744 2695 792 2750 Ιιο-
842 2711 892 2765 pos
910 2698 939 2751 ir
961 2696 1180 2754 detractatae
1198 2702 1351 2772 parisiensi,

286 2783 383 2839 mirem
404 2798 459 2836 esee
484 2785 632 2852 exemptam
653 2785 790 2852 apeecete
841 2783 1064 2851 eteaontensi,et
1076 2781 1173 2853 edique
1192 2783 1350 2841 determina·

287 2865 427 2936 oripmeit',
439 2870 548 2935 praeter
564 2864 708 2934 Christum,
725 2867 792 2920 sicat
845 2871 911 2935 tum,
922 2867 994 2935 qaod
1013 2870 1133 2921 ranetam
1144 2872 1183 2921 est
1197 2866 1350 2940 Correptio·

286 2950 792 3021 tidecmtominrsponerentarraem-
842 2949 1350 3023 nmeearaomeaaeeeteirarematt

285 3036 335 3108 pti.
345 3038 418 3088 xlii.
427 3034 517 3102 Mepis
527 3039 563 3088 est
573 3040 665 3089 eontra
678 3036 789 3105 Scripta·
845 3040 871 3088 to
889 3039 1008 3105 respecta
1025 3035 1062 3088 ad
1082 3035 1139 3089 etas
1164 3036 1347 3107 sanctificatio-

286 3133 346 3171 rem
357 3117 579 3186 rememorarem
593 3119 727 3188 Virginem
738 3133 790 3171 eon
843 3132 917 3171 rtem:
940 3123 965 3172 et
984 3118 1013 3171 ir
1035 3117 1112 3172 dietis
1133 3117 1350 3176 Univerrr'tattdar

288 3219 342 3275 erre
350 3209 497 3273 conceptam
505 3207 534 3258 in
541 3209 646 3274 peccate
655 3203 791 3272 originali,
842 3202 1348 3273 eetedreterpererrrvrummppedit.

287 3301 369 3356 qaam
394 3301 509 3340 asserere
526 3287 600 3342 ittam
614 3287 698 3351 satore
714 3286 793 3342 simet
846 3290 938 3340 venet.
949 3281 1026 3355 1526,
1036 3289 1194 3357 tom.li,toi.
1207 3285 1255 3358 97,
1265 3293 1313 3342 coi.
1325 3282 1347 3341 2.

288 3369 391 3424 beatam
417 3377 441 3425 et
462 3372 598 3424 viatrieem
624 3370 657 3424 ad
682 3372 793 3426 instanti
842 3374 943 3423 Falsum
952 3374 1160 3440 itaqueest,quod
1168 3373 1348 3426 reiertStrorzi

289 3469 353 3517 strae
367 3455 547 3524 conceptionis,
559 3454 601 3509 vet
608 3454 793 3525 sanctificetta-
844 3458 889 3508 lm.
899 3451 925 3524 5,
935 3471 993 3522 opp.
1004 3458 1048 3508 eit.
1059 3472 1082 3507 c.
1090 3452 1117 3526 5,
1127 3460 1189 3506 tem.
1197 3458 1221 3524 Ι,
1229 3473 1286 3522 pag.
1294 3451 1348 3524 504,

289 3538 341 3606 eis,
352 3536 395 3591 eet
403 3539 485 3608 feisse
501 3539 603 3594 unitam
620 3538 790 3610 hypostatice.
844 3543 970 3604 scripsisse
981 3543 1115 3607 Baeonem,
1126 3546 1187 3591 tune
1195 3541 1349 3606 temperiei]-

290 3625 361 3687 Quae
370 3626 471 3688 quidem
483 3639 569 3676 omnes
577 3631 603 3676 et
612 3627 725 3689 singuiae
733 3626 791 3676 the·
844 3625 1014 3676 niversitetem
1031 3626 1191 3688 parisiensem
1200 3627 1291 3677 tulisse
1310 3625 1348 3675 de·

290 3721 329 3759 ses
340 3708 415 3759 variis
432 3711 565 3759 censurise
577 3724 646 3759 secra
663 3711 792 3760 Facultate
845 3711 1349 3773 cretumquocareretneeiusaiumniex

291 3795 393 3841 notatae
401 3795 469 3842 sunt.
478 3791 516 3842 ct.
525 3793 639 3843 Natalem
646 3790 792 3846 dionisia.
845 3794 963 3843 cathedra
983 3794 1114 3860 docerent,
1130 3799 1176 3844 eut
1192 3795 1349 3844 adstruerent

292 3871 394 3927 Erotes·
403 3888 453 3924 see.
462 3875 523 3924 Xlil
534 3881 559 3925 et
569 3877 638 3944 XIV,
647 3890 701 3939 eap.
710 3873 791 3943 3‚ert.
844 3879 870 3928 iu
882 3879 1083 3930 conclusionibus
1092 3879 1220 3942 quidpiam
1231 3879 1350 3944 quedad.⁸
1382 3873 1385 3880 ’

291 3953 335 4012 23.
348 3958 386 4010 Ct-
398 3961 530 4011 Praeterea
540 3965 591 4012 tres
602 3962 726 4013 haedere
738 3966 793 4015 tra·
846 3969 992 4015 versaretur
1000 3965 1174 4014 immaculatae
1182 3963 1351 4030 Conceptioni.

292 4045 376 4095 etates
387 4042 460 4096 eard·
470 4041 548 4096 Petri
559 4034 694 4096 dedttr‘ace
706 4046 792 4096 adver·
846 4044 951 4098 Astnon
962 4049 1038 4098 semei
1048 4048 1117 4098 hune
1126 4052 1257 4100 auctorem
1266 4060 1353 4113 parum

293 4138 335 4175 sus
344 4126 462 4178 loannem
475 4132 489 4178 a
502 4128 654 4179 Montesono
666 4125 795 4190 indppeu·
848 4129 1043 4179 criticuminsua
1051 4130 1155 4182 historia
1163 4136 1286 4196 expertus
1295 4145 1355 4182 sum.
