2774 4906
736 340 779 355 -
802 305 845 372 62
867 339 912 355 .-

282 419 403 484 domum
419 416 647 508 quam's'pscmet
661 431 849 502 retraxerit,
863 446 959 511 neque
977 425 1079 489 lutum
1094 428 1224 513 fiputum
1247 431 1355 515 inficit,

166 540 169 545 ’
283 547 352 590 cum
366 525 419 589 dle
435 526 611 603 vasculum,
625 528 707 612 quod
727 530 876 614 fimerat,
893 531 1031 615 refinpit:
1045 534 1092 594 ita
1107 553 1162 597 uec
1184 533 1351 618 quidquam

85 2121 203 2174 Seduiius

78 3485 228 3553 Anonymus

58 3554 151 3608 tuetur
175 3566 229 3610 trs·

58 3629 138 3674 ctutus
158 3626 228 3682 Can·

58 3698 99 3743 tra
109 3695 228 3767 quiaque

58 3758 185 3818 naereses.
299 3760 316 3777 ”

118 4334 218 4584 Ἃ

282 628 381 695 Deum
397 634 600 717 purissimum
619 632 753 717 palluit,
773 633 858 718 quod
883 656 922 698 ese
944 636 1097 717 os’rpiuati
1116 646 1206 702 utera
1222 639 1351 724 prodiit.

283 729 386 807 Quam
397 737 476 799 enim
488 738 569 798 citra
581 755 697 798 omnem
707 739 758 799 sui
766 735 864 799 tabem
871 737 1075 820 formauerat,
1083 760 1122 803 en
1133 762 1169 804 ea
1179 743 1275 804 uuile
1288 724 1358 806 can-¹

280 847 385 901 tracta
391 837 517 901 uncum
522 841 668 919 processit
677 834 784 919 (itm
792 838 911 903 iterum
925 840 970 903 ita
979 838 1351 928 ChristumB.Virgincm

280 927 494 1027 alloquentem
505 938 643 1005 inducit:
655 941 754 1013 Nulla
769 948 887 1008 iniuria
903 949 1075 1008 increatam
1089 951 1280 1011 maieuatem
1290 970 1351 1013 suu

280 1042 460 1131 efflaturus,
470 1036 510 1109 'ut
520 1050 555 1109 iu
565 1044 850 1133 miscendumst
863 1070 884 1112 a
899 1069 946 1111 me
964 1059 1101 1114 creatum
1112 1050 1186 1132 fuit,
1200 1049 1353 1117 tabitam

279 1156 340 1216 rim
352 1146 411 1234 (Β).
434 1148 529 1228 Quod
548 1149 576 1213 si
592 1151 681 1214 Deus
697 1149 766 1236 ipse
784 1152 821 1215 B.
842 1152 1007 1237 Virginem
1025 1153 1075 1218 uti
1091 1153 1220 1218 domum
1239 1155 1275 1219 in
1293 1176 1359 1242 qm·

278 1252 449 1329 habitaret,
461 1250 619 1327 extruxit,
628 1249 772 1336 profecto
785 1253 936 1318 mundam
951 1256 1108 1320 extruxit.
1119 1255 1155 1319 Is
1171 1254 1302 1322 demum
1316 1256 1362 1321 de·

279 1355 389 1423 endem
401 1357 439 1421 Β.
451 1353 586 1439 Virgine
606 1354 732 1419 scribit:
745 1356 931 1443 Ipsauaeae
950 1371 1113 1424 creaturae
1129 1362 1268 1425 caeterts's
1289 1361 1353 1445 pta-

279 1459 347 1536 bus,
361 1464 396 1524 iu
410 1480 470 1546 quo
486 1459 533 1522 sal
555 1463 691 1525 iustitiae
713 1482 882 1546 numquam
904 1464 1040 1527 occidam
1062 1485 1179 1528 omnem
1194 1464 1232 1528 ab
1248 1469 1350 1529 anima

279 1565 364 1627 omui
381 1572 579 1647 peccatorum
600 1574 719 1627 uectem
740 1563 862 1648 supauit
886 1564 957 1645 (3);
980 1574 1072 1631 vocat
1093 1568 1221 1632 meundi
1245 1568 1356 1632 Adonei

274 1663 462 1751 paradisum
476 1662 602 1730 disens:
618 1663 748 1729 Latebat
764 1687 832 1730 eum
851 1688 892 1730 em
904 1669 1056 1750 eirpmali
1077 1690 1187 1734 rursus
1205 1668 1355 1755 perndie

278 1772 466 1832 intemeratis
487 1767 616 1833 Domini
634 1769 776 1834 manibus
792 1771 951 1856 plasmari
969 1772 1137 1836 secuudum
1160 1769 1262 1837 Adam
1282 1767 1354 1852 iit:

280 1872 408 1959 alisque
435 1871 593 1936 eiusmodi
616 1870 655 1936 de
682 1893 719 1937 ea
742 1868 856 1951 effert,
880 1894 963 1958 quse
985 1873 1197 1939 omnimodam
1219 1895 1350 1959 prorsus

279 1976 312 2040 in
335 1977 374 2039 Β.
396 1974 531 2060 Virgine
554 1982 703 2039 esserunt
724 1997 743 2040 u
765 1975 879 2062 quevis
903 1976 997 2061 culpe
1020 1977 1266 2043 immunitatem.

365 2080 479 2167 Neque
496 2077 536 2143 ab
552 2078 638 2143 hisee
659 2079 760 2145 sensis
775 2079 896 2145 abiusit
912 2079 1066 2146 Sedulius
1079 2101 1153 2146 eum
1169 2080 1208 2146 de
1220 2079 1353 2167 Virgine

278 2183 396 2249 cecinit

322 2288 366 2352 Et
386 2291 471 2354 uelut
493 2292 619 2375 espiuis
639 2290 740 2354 mollis
761 2310 835 2353 rasa
857 2294 957 2374 surpit
981 2293 1105 2365 acatis,

321 2391 389 2470 Nil,
403 2394 486 2479 quad
499 2393 617 2469 laedat,
639 2392 763 2469 itabens,
784 2403 971 2479 matremque
992 2393 1136 2457 obscurat
1159 2386 1275 2457 donare
1284 2413 1300 2466 ,·

320 2495 391 2574 Sia,
413 2498 499 2564 Euae
523 2498 558 2568 de
579 2501 673 2584 stirpe
694 2517 788 2561 sacra
806 2501 942 2562 veniente
964 2496 1086 2574 Maria,

327 2601 459 2686 Virpinis
481 2604 628 2686 autiquae
649 2599 774 2683 facinus
796 2621 879 2664 nova
913 2599 1005 2685 Virpa
1022 2604 1153 2687 piarct;

323 2705 375 2783 Ut,
397 2709 545 2792 quomam
565 2716 685 2769 natura
702 2709 796 2791 prior
817 2708 930 2771 uitiata
952 2704 1072 2769 iaccbat

316 2808 386 2875 sat
409 2810 523 2874 ditione
543 2812 642 2885 neers,
667 2805 787 2873 Christo
809 2819 950 2874 nascente
977 2812 1100 2874 renasci

321 2914 425 2980 Posset
439 2913 540 2991 demo,
562 2925 590 2977 et
611 2918 720 2980 ceteris
742 2915 898 2978 maculam
913 2913 1059 3000 deponere
1079 2914 1182 2975 carnis
1200 2905 1263 2992 (5).
1302 2915 1305 2921 '

365 3017 493 3097 Quibus
517 3040 578 3083 nan
597 3017 831 3104 inelegantibus
854 3016 1051 3081 carminibus
1073 3012 1225 3081 Sedulius
1246 3019 1355 3100 aperte

279 3130 453 3199 asseverat,
472 3124 508 3187 B.
525 3124 692 3209 Virginem
715 3143 790 3187 eum
806 3123 839 3187 in
854 3121 984 3186 medum
1006 3141 1073 3206 quo
1094 3117 1200 3183 mollis
1221 3137 1299 3182 rose
1320 3136 1365 3180 ex.

279 3231 383 3297 uentis
401 3231 501 3317 spinis
517 3230 636 3293 intaeta
652 3227 793 3311 exurgit,
805 3247 921 3314 puram
938 3226 1152 3311 intactamque
1167 3245 1185 3288 e
1202 3228 1355 3287 temerate

278 3336 365 3400 Evae
392 3333 492 3418 stirpe
518 3329 698 3418 prodiisse,
723 3338 820 3417 utque
843 3330 888 3394 ita
911 3327 1033 3394 Christi
1055 3346 1187 3392 munere
1208 3330 1357 3389 naturam

281 3436 427 3505 vitiatam
451 3435 567 3522 piusso.
1140 3508 1143 3513 ,

369 3538 564 3607 Luculenter
577 3545 742 3626 praeterea
758 3557 934 3626 anonymus
948 3543 1061 3602 auster
1072 3531 1149 3600 libri
1164 3531 1220 3598 cui
1238 3529 1372 3639 titulus·

319 3812 609 3886 (erbrestensis.
804 3837 808 3847 ·
879 3811 912 3878 (4)
925 3813 988 3863 inte.
1001 3826 1056 3876 pag.
1068 3806 1129 3863 637.
1141 3825 1168 3859 n.
1179 3806 1205 3860 8.
1329 3850 1332 3856 .

318 3895 664 3972 (ulimmerianum.
878 3895 910 3965 (5,ι
931 3897 1019 3950 Camu-
1041 3891 1165 3948 Paseitat.
1182 3894 1225 3943 lib.
1244 3884 1273 3942 2.
1292 3903 1357 3941 ress.

318 3984 353 4057 (3)
367 3984 638 4042 Orot.V1.Laudatio
649 3983 793 4039 s.DeiGe·
843 3977 886 4035 29.
897 3998 965 4046 seqq.
975 3976 1131 4035 suentem.
1144 3974 1275 4032 Gattand.
1285 3977 1358 4027 Tem·

286 4070 350 4126 m'tr.
361 4067 672 4135 miserrumum.
683 4068 795 4126 Gadau-
848 4071 893 4120 ΙΧ.
904 4084 928 4134 p.
938 4062 998 4120 543.

287 4151 360 4222 etin
374 4149 436 4206 646.
452 4150 532 4207 ott.
687 4155 689 4160 '
1058 4175 1062 4181 ·

523 4350 535 4385 Χ
