2828 4904
431 304 615 378 -ili-

86 447 167 496 noc
181 450 243 495 non
260 427 348 516 apud
370 429 605 496 ecclesiasticos
627 429 815 515 scriptores,
832 427 874 494 ad
891 430 1066 516 angelicam

93 535 212 598 ttinet
223 541 383 612 naturam,
400 534 588 620 opinionum
605 530 764 598 ferbuerit
784 531 999 620 discrepantia
1012 531 1066 620 (i).

86 652 195 701 erum
222 636 281 701 lroc
310 636 452 715 omisso,
481 636 616 723 propius
639 634 680 699 ad
700 656 767 701 rem
793 644 934 701 nostram
961 635 1068 704 iacere
1147 640 1187 722 Βῆ
1203 639 1300 690 vitreo·

86 754 170 804 um
184 741 314 806 ridetur
328 761 368 805 ea
384 738 531 826 dogmate
544 738 582 804 de
598 739 718 805 visione
729 739 791 806 Dei
807 737 955 806 beatifica
969 740 1070 809 dedu·
1121 711 1237 762 ΝΜ

86 854 183 922 [uae
193 845 478 931 proximeamorte
490 840 658 908 animabus
667 842 849 930 plenissime
859 844 1071 931 purgatisob·

98 947 211 1027 Quod
234 948 365 1035 quidem
382 947 495 1034 dogma
513 956 546 1012 et
562 946 756 1013 Benedictus
772 948 836 1012 Xll
856 948 997 1035 primum
1012 946 1069 1037 (2),

86 1093 92 1103 =
141 1074 252 1119 rursus
268 1051 475 1119 florentinum
491 1051 672 1119 Concilium
689 1051 821 1118 solemni
845 1051 975 1119 decreto
998 1073 1070 1120 san·

86 1142 137 1231 ³).
152 1158 250 1222 Porro
265 1177 358 1223 nemo
372 1163 432 1234 est,
453 1155 509 1242 qui
530 1156 652 1221 nesciat
668 1162 747 1244 quot
763 1156 938 1243 utriusque
960 1156 1070 1224 Eccle-

86 1269 148 1326 uu
172 1282 304 1348 graecae
333 1267 401 1326 tum
426 1260 544 1326 latinae
569 1261 683 1326 Patres
710 1259 907 1325 contrarium
932 1261 1069 1327 sensisse

86 1353 150 1431 int.
172 1367 318 1453 Namque
343 1365 383 1430 iis
407 1365 505 1430 etiam
528 1364 784 1450 praetermissis,
816 1364 873 1450 qui
904 1362 1070 1432 Cddiosmo

87 1477 172 1547 Sere,
188 1469 299 1556 plures
314 1489 444 1556 quoque
461 1467 501 1532 ad
516 1472 663 1532 sanctum
679 1466 992 1555 usqueBeruardum
1007 1490 1072 1535 non

86 1574 171 1644 ptum
192 1578 421 1648 numerantur,
438 1568 497 1656 qui
518 1566 569 1633 vel
589 1567 689 1647 dure,
706 1567 756 1634 vel
775 1566 942 1655 ambigue,
958 1567 1008 1643 uel
1025 1569 1071 1637 iia

86 1682 121 1735 in
135 1694 246 1760 aspere
262 1681 337 1739 suni
353 1672 465 1750 locuti,
482 1681 521 1736 ut
536 1670 674 1736 emolliri
697 1690 810 1737 eorum
829 1669 915 1760 dicta
930 1673 986 1740 vix
1000 1694 1073 1760 pos·

86 1762 123 1862 [ll
136 1777 295 1856 Quocirca
312 1799 386 1843 cum
398 1776 520 1842 isthaec
535 1774 753 1842 controversia
770 1773 831 1840 sub
844 1776 961 1843 Ioanne
976 1776 1073 1843 Xilll

86 2014 116 2069 di.
125 2017 257 2070 Petusium
267 2015 300 2070 de
310 2016 418 2086 asseclis
427 2015 503 2071 lint.
556 2018 591 2086 ci,
600 2022 677 2084 prout
686 2018 795 2082 ipsarum
808 2031 924 2084 quaeque
939 2015 987 2068 iuit
998 2030 1072 2067 com·

86 2096 129 2154 id.
170 2156 178 2173 ,
555 2104 654 2166 merita3
665 2110 794 2165 postremo
803 2099 933 2156 iustorum
941 2098 1072 2155 iustitiam

86 2182 503 2250 ‘amdoumsicsaanamapua
548 2183 1070 2256 parqcosdomordissscaredipeatesa.

86 2284 150 2323 num
163 2269 230 2325 Asia
250 2267 348 2325 Concil-
366 2272 440 2324 Τοω.
453 2271 501 2325 vii
553 2270 650 2324 lllirum
658 2270 761 2335 quidem
772 2284 823 2320 uon
842 2275 880 2320 est
892 2271 941 2320 hoo
951 2270 1028 2320 modo
1040 2270 1073 2319 ds

86 2350 129 2410 59.
556 2354 696 2405 animarum
724 2358 792 2404 statu
814 2355 943 2417 scripsisse
960 2351 1073 2404 Ambro-

86 2441 141 2492 bid·
154 2440 228 2492 Tem.
242 2439 287 2492 ix.
298 2440 347 2491 eol.
358 2435 419 2492 986.
555 2439 629 2490 aium:
639 2438 682 2489 sed
692 2438 755 2488 iilud
765 2439 949 2503 propemodum
961 2438 1072 2489 incredi-

86 2526 118 2578 Ξῖ.
128 2527 162 2576 de
174 2526 223 2575 hoc
232 2531 381 2584 argomento
390 2526 507 2576 elabora·
557 2525 609 2576 bile
621 2521 701 2575 sideri
713 2526 807 2589 potest,
820 2537 897 2588 quaen
908 2523 933 2574 in
945 2537 976 2575 ea
993 2537 1073 2588 quae·

88 2627 115 2663 ru
128 2625 194 2675 opus
206 2612 269 2661 Lud.
280 2610 424 2678 muratorii,
434 2611 504 2674 qnod
556 2611 639 2659 stione
648 2610 727 2660 sancti
734 2609 823 2659 Patres
832 2608 864 2658 ab
874 2607 1073 2672 ipsisapouoio

86 2699 147 2748 itur:
161 2693 203 2746 De
223 2692 355 2747 Paradiso
372 2692 504 2762 sepesque
557 2705 614 2745 rum
624 2694 780 2759 temporibus
789 2694 820 2744 ad
830 2692 992 2758 Gregoriin
1010 2690 1073 2758 (ior-

87 2779 112 2831 is
121 2775 214 2846 plessis
226 2791 278 2828 noa
301 2779 441 2844 expectata
451 2789 509 2828 cor·
562 2791 606 2826 san
624 2790 655 2826 ex
664 2777 736 2842 lapsu
746 2776 844 2843 calami,
856 2790 915 2827 cum
926 2774 975 2826 dici
994 2775 1073 2826 debe-

107 2859 301 2914 resurrecis'onc
319 2858 395 2913 iustis
413 2872 431 2911 a
449 2856 506 2912 Deo
558 2865 598 2912 ret
610 2860 740 2912 Benedicti
752 2860 813 2910 iiiii
825 2859 1009 2925 pontificatum,
1025 2859 1075 2908 do·

86 2962 107 2999 s.
118 2949 236 2998 Veronae
245 2941 255 2994 1
263 2940 321 2998 738.
331 2947 382 2997 soi.
392 2960 436 2996 un.
445 2946 471 2995 in
479 2941 506 2997 4.
559 2945 738 3010 festinamque
750 2944 901 3013 Concilium,
909 2944 959 2995 hoc
967 2946 1008 2994 est
1020 2947 1074 2995 tote

86 3068 87 3076 ,
106 3046 176 3096 seqq.
190 3031 337 3081 Helenobis
349 3032 408 3082 sotis
427 3032 458 3082 sit
476 3045 505 3083 ea
556 3025 1006 3099 fermequeiuordecs'mssculmm
1013 3039 1075 3096 spa-

86 3118 147 3168 iiurn
159 3117 284 3166 adducere
292 3130 358 3180 quae
370 3115 397 3166 ln
415 3115 509 3168 adme
558 3114 697 3184 is'0‚incerti
710 3129 739 3164 aa
748 3127 838 3178 parum
850 3116 996 3164 constantes
1007 3114 1072 3164 exii·

86 3217 95 3252 e
113 3199 143 3252 in
159 3197 257 3253 librum
276 3199 308 3252 de
325 3197 399 3251 Bono
416 3199 508 3253 morsis
559 3203 647 3252 ierint.
659 3200 717 3253 Non
731 3200 799 3249 enim
811 3196 1004 3250 solumaliusais
1015 3197 1075 3268 alio,

86 3299 106 3336 ss
124 3286 234 3336 Macrini
257 3285 321 3348 Opp.
341 3300 360 3336 s·
379 3283 505 3336 Ambrosii
559 3289 588 3335 nt
607 3286 631 3335 in
641 3283 786 3334 huiusmodi
804 3282 995 3347 quaestionibus
1012 3294 1074 3333 nec·

86 3373 103 3421 i.
112 3365 230 3435 pag-385
247 3373 278 3421 de
291 3386 310 3420 s.
323 3373 433 3422 Doctors
445 3372 508 3420 scri·
559 3371 620 3421 dom
629 3371 660 3419 ab
669 3369 781 3419 Ecclesia
794 3368 903 3418 defluitis
925 3366 1072 3430 contingere

86 3461 112 3507 rt:
123 3451 178 3505 “Si
196 3456 401 3522 Doctorisnosiri
430 3455 507 3506 verba
558 3460 637 3522 amat,
654 3455 813 3505 dissentiunt:
824 3465 913 3502 verum
925 3451 1001 3502 etiam
1019 3463 1071 3500 ooo

97 3545 177 3604 etque
194 3553 224 3591 ex
234 3539 346 3602 apicibus
359 3539 510 3604 interprete·
565 3539 624 3591 satis
632 3538 771 3589 cohaerent
783 3537 829 3586 sibi
840 3536 895 3601 ipsi;
905 3547 965 3584 cum
973 3533 1074 3585 easdem

88 3637 195 3687 egemus
210 3623 305 3687 liquido
323 3624 437 3673 confiteri
456 3622 510 3673 ani·
561 3623 657 3673 animas
675 3622 745 3672 claro
757 3621 857 3672 divinae
887 3622 994 3669 araturas
1010 3630 1075 3667 con-

86 3702 507 3774 ›siusiuaiesoanuibussomia
559 3712 647 3766 spectu
665 3705 717 3756 irui
743 3706 893 3770 quibusdam
920 3701 1074 3764 scriptorum

86 3790 260 3844 iiscouciusas
271 3792 302 3841 ad
313 3804 392 3856 usque
404 3804 511 3856 genera·
563 3804 669 3842 suorum
682 3791 744 3841 iocis
756 3790 906 3855 rosumere,
915 3798 1003 3839 rursus
1018 3787 1078 3851 qui·

86 3875 280 3927 surrectionem
292 3877 395 3941 servari3
416 3889 458 3927 eas
475 3876 510 3926 ibi
561 3875 668 3926 busdam
679 3875 734 3926 aliis
746 3875 772 3925 id
791 3875 872 3938 ipsum
890 3883 983 3935 negare
1000 3865 1083 3921 side?

86 3960 142 4010 dem
150 3958 260 4010 debitam
271 3960 390 4023 operibns
402 3960 453 4010 suis
465 3960 509 4010 sed
562 3964 653 4010 anius.
668 3991 712 4010 ...
724 3959 793 4010 iliud
803 3955 960 4009 uotum-hoo
969 3954 1021 4005 iooi
1030 3956 1077 4005 ad·

87 4045 137 4094 lena
150 4043 267 4094 ultimum
287 4045 388 4095 minime
398 4045 509 4095 redden·
561 4042 890 4112 monemuuomnemiliam
900 4040 1023 4092 mamonis
1035 4040 1076 4090 di-

86 4133 214 4192 rpsetar03
231 4125 331 4179 interini
350 4134 432 4178 tamen
450 4125 513 4181 iilos
566 4130 711 4180 versitatum
722 4141 754 4179 ex
766 4125 844 4176 variis
856 4136 969 4176 manasse
981 4121 1075 4188 princi-

88 4211 131 4267 aa's
143 4208 452 4283 qudurdampaipoeoo
462 4213 514 4282 asli·
567 4210 859 4282 piis,quassaoetisiiiii
877 4210 1080 4265 sirisssersrum
