2828 4904
750 333 793 349 ..
816 300 838 365 2
861 334 904 347 ...

289 443 390 528 quae
415 413 597 496 ferendae
634 412 881 526 dogmaticae
901 413 952 495 de
984 409 1239 493 immaculato
1266 410 1365 489 Vir-

291 542 392 656 ginis
427 543 632 650 Conceptu
665 537 960 624 sententiaevel
993 540 1149 622 officere
1181 538 1362 620 videntur

291 670 353 752 vel
382 669 597 781 suflragari.

374 793 487 877 Hanc
507 822 597 874 sane
614 791 880 905 dogmaticam
902 792 1135 874 sententiam
1170 811 1256 870 tum
1286 816 1366 868 sae·

292 921 389 1004 culis
421 920 627 1019 anteactis,
660 940 743 999 turn
768 919 838 1002 hac
861 921 939 1029 ipsa
967 939 1093 1000 aetate
1120 914 1365 1024 expetierunt

292 1077 381 1130 sane
402 1047 543 1146 multi3
566 1075 667 1159 quos
695 1048 797 1126 inter
831 1045 884 1127 cl.
913 1043 1135 1128 Cardinaiis
1166 1039 1365 1124 Lambru-

292 1173 465 1258 schiuius
480 1174 520 1253 in
539 1172 710 1284 egregia,
728 1202 849 1284 quam
871 1174 922 1253 de
942 1171 1198 1286 immaculato
1214 1169 1262 1252 B.
1277 1167 1367 1250 Ma-

295 1302 375 1382 riae
393 1298 568 1411 Virginis
598 1295 811 1408 Conceptu
846 1329 922 1381 non
963 1302 1015 1380 ita
1042 1295 1199 1408 pridem
1226 1295 1368 1406 vulga-

295 1428 374 1529 vit,
396 1424 682 1507 dissertatione.
703 1424 848 1538 Neque
883 1427 1082 1537 pauciores
1104 1423 1206 1505 forte
1224 1451 1367 1503 nume-

297 1583 341 1635 ro
365 1554 392 1634 ii
415 1550 601 1636 censendi
624 1571 728 1654 sunt,
751 1557 819 1667 qui
845 1553 946 1636 illud
969 1556 1096 1664 ipsum
1128 1549 1251 1634 veluti
1272 1577 1365 1630 con-

296 1679 509 1762 sectarium
530 1680 790 1780 deduxerint.
813 1681 866 1762 At
890 1710 984 1762 vero
1005 1681 1075 1792 qui
1099 1675 1253 1759 collatis
1280 1704 1366 1756 sen·

298 1806 444 1889 tentiae
475 1807 682 1922 utriusque
718 1805 912 1888 rationum
948 1794 1157 1885 momentis
1189 1802 1242 1883 ad
1279 1800 1369 1912 dog·

296 1930 484 2012 maricam
514 1928 788 2014 definitionem
817 1929 992 2012 deveniri
1020 1958 1137 2040 posse
1175 1956 1368 2038 compro·

250 2108 256 2113 -
296 2052 496 2157 barmim,
516 2053 625 2136 fuere
642 2055 845 2156 hactenus,
873 2055 985 2168 quod
1018 2085 1091 2167 ego
1118 2053 1263 2154 sciam,
1283 2082 1369 2136 saue

296 2181 428 2291 pauci.
447 2179 717 2297 Quamquam,
732 2203 777 2285 ut
794 2209 929 2263 manus
945 2181 1038 2264 huic
1052 2181 1162 2291 operi
1185 2179 1363 2263 admove·

297 2337 382 2390 rem
399 2339 479 2389 uon
499 2339 575 2390 una
595 2309 690 2394 haec
713 2339 775 2390 me
796 2311 895 2390 ratio
918 2309 1111 2410 incitavit,
1128 2308 1196 2389 sed
1218 2329 1369 2420 tempus

300 2436 433 2545 ipsum.
455 2435 571 2548 quod
594 2435 752 2518 videtur
780 2434 873 2517 huic
901 2435 1109 2549 agitandas
1137 2455 1370 2520 controver-

300 2562 378 2642 siae
394 2561 744 2668 accommodatum
762 2591 882 2676 quarn
903 2562 1014 2674 quod
1027 2563 1220 2646 maxime.
1241 2561 1372 2665 Quan-

304 2685 530 2798 doquidem
564 2686 829 2797 plurimorum
860 2689 1019 2771 ¹animos
1048 2688 1175 2771 novus
1205 2687 1371 2804 quidam

305 2812 424 2893 ardor
444 2813 600 2894 incessit
632 2815 840 2924 Deiparam
861 2813 935 2894 hoc
958 2815 1079 2901 titulo
1099 2816 1138 2895 in
1169 2844 1276 2897 sacra
1294 2815 1373 2925 ipsa

306 2939 465 3052 liturgia
481 2939 679 3022 salutandi
694 3000 707 3043 ‚
741 2943 822 3022 sire
846 2941 961 3023 illum
978 2972 1024 3023 ex
1045 2943 1288 3053 apostolicae
1302 2945 1372 3026 Se·

306 3066 368 3148 dis
389 3066 562 3173 indulto,
584 3088 809 3167 utrorum,
831 3069 1056 3180 profectum
1078 3091 1283 3180 putemus,
1298 3070 1373 3152 sive

306 3224 353 3275 ex
368 3195 469 3274 miro
485 3197 663 3306 quodam
679 3194 816 3277 studio
832 3217 953 3311 arque
967 3226 1100 3278 amore
1117 3228 1199 3312 quo
1217 3197 1373 3279 titulum

308 3319 505 3401 eiusmodi
539 3319 834 3406 christifideles
875 3326 1307 3436 prosequuntur‚=sive
1334 3353 1374 3405 ex

311 3445 420 3528 novis
441 3447 629 3557 operibus
649 3448 721 3532 hac
744 3451 826 3559 ipsa
846 3449 897 3531 de
919 3480 961 3533 re
981 3451 1206 3561 perscriptis
1226 3471 1265 3532 et
1285 3449 1372 3534 rul-

310 3572 409 3685 gatis
426 3596 598 3656 enatum.
627 3573 668 3659 N
671 3604 776 3688 eque
792 3575 889 3660 vei‘o
906 3606 948 3658 ea
968 3607 1056 3658 meo
1071 3578 1219 3659 insidet
1249 3577 1376 3658 animo
1406 3630 1408 3674 ξ

312 3695 568 3803 confidentia,
585 3723 629 3782 ut
644 3732 744 3785 nova
761 3722 800 3784 et
817 3728 885 3787 ore
903 3704 981 3786 alio
1002 3703 1151 3786 indicta
1177 3735 1241 3787 me
1258 3701 1375 3816 prola·

313 3843 447 3907 turum
464 3855 544 3909 esse
561 3827 763 3936 pollicear,
775 3829 837 3912 vel
853 3859 900 3912 eo
918 3841 1041 3943 usque
1057 3831 1154 3913 mihi
1171 3834 1254 3942 ipse
1274 3832 1377 3915 blan·

312 3951 403 4034 dior
433 3976 503 4037 aut
531 3953 685 4063 placere
715 3956 914 4067 cupio,u't
942 3959 1042 4040 mihi
1070 3958 1185 4041 facile
1214 3989 1380 4070 persua·

318 4075 437 4162 deam
451 4108 542 4164 meo
556 4077 640 4163 fieri
653 4111 769 4193 opere
781 4107 959 4194 posse7ut
973 4085 1083 4198 quod
1101 4089 1182 4170 fere
1196 4085 1247 4169 ab
1259 4084 1384 4171 omui·
